2678 4974
434 449 638 534 car.xvu.
662 409 819 502 ors-ss.¹
1097 447 1161 514 tte

515 623 599 682 Cur.
625 621 718 682 xvtt.

162 741 187 816 5.
206 743 257 801 54.
280 742 336 799 doc
353 759 455 799 mutnus
473 749 594 819 ungere.
618 739 661 798 Da
679 740 725 798 icio
744 740 926 816 augeiangen
945 737 1033 810 habe,
1053 737 1160 798 diesem

87 825 214 886 Gesclrttlt
233 823 298 899 (der
315 823 498 903 Darstellung
515 824 809 885 des'vollltommenen
829 823 970 898 lieduers)
982 826 1065 884 einen
1076 833 1160 901 gros·

84 931 161 970 seren
184 911 306 988 Umiang
327 931 362 969 zu
384 909 488 988 geben.
532 909 634 969 Munus
654 913 767 990 (γέρας)
788 907 817 967 id
836 921 889 980 est,
908 909 983 988 quod
1003 911 1092 968 amori
1111 910 1158 969 vei

85 998 188 1071 gratiae
206 995 364 1065 tribuimus,
385 1004 423 1069 (v.
442 994 579 1054 Doederl.
599 997 647 1054 lat.
668 996 776 1074 Synon.
795 993 861 1052 vot.
880 999 910 1052 4.
929 1015 956 1073 p.
976 997 1070 1068 142),
1082 995 1159 1053 reiut

85 1083 132 1140 loc
150 1083 294 1160 negotium
313 1079 483 1141 informandi
501 1081 638 1160 principis
658 1081 781 1138 oratoris
799 1097 896 1137 amore
914 1079 995 1137 Bruti
1013 1099 1044 1138 se
1060 1099 1160 1138 susee-

84 1167 152 1246 pisse
174 1169 235 1246 ipse
258 1177 359 1224 auctor
381 1166 408 1223 in
431 1167 579 1244 prooemio
603 1175 632 1224 et
654 1165 717 1224 aliis
740 1165 810 1224 loeis
828 1165 988 1244 profitetur.
1009 1165 1069 1223 Cic.
1089 1163 1159 1222 Par-

84 1253 132 1309 titt.
154 1259 226 1310 orat.
250 1253 305 1321 38,
333 1251 404 1310 132.
427 1271 529 1309 tonnus
548 1252 687 1328 promissi
702 1269 784 1308 ornnc
803 1247 968 1327 confecero.
988 1249 1102 1332 iliplog.
1122 1249 1157 1309 do

85 1347 161 1394 orntt.
179 1357 206 1395 c.
225 1337 277 1396 32.
296 1330 431 1416 quoniam
450 1337 564 1414 quidem
583 1355 638 1413 ego
657 1338 714 1394 iom
732 1353 822 1393 ancum
841 1353 942 1393 monus
960 1335 1084 1412 cnpleoi.

155 1459 230 1517 pore
256 1439 339 1497 nullo
362 1440 429 1502 orit.
462 1435 543 1510 Quod
566 1439 667 1496 nullam
692 1447 801 1518 partem
825 1437 1053 1516 praetermissam
1077 1434 1156 1506 dicit,

85 1523 130 1582 nisi
152 1525 330 1594 memoriam,
358 1517 511 1582 tenendum
531 1533 587 1594 cst,
615 1512 684 1581 actis
704 1516 847 1580 oratoriae
867 1519 916 1580 has
935 1532 1031 1600 partes
1049 1541 1065 1579 a
1084 1521 1157 1578 scri-

86 1610 203 1686 ptoribus
222 1607 372 1666 constitui:
401 1608 593 1681 inventionem
614 1600 766 1688 (εὕρεσιν),
799 1605 1013 1684 dispositionem
1034 1600 1155 1678 (τάξιν),

84 1704 109 1751 et
124 1695 150 1751 in
168 1693 221 1753 hac
240 1704 305 1752 sunt
323 1692 483 1763 exordium,
508 1694 632 1752 narratio
651 1695 711 1751 sire
729 1693 902 1772 propositio,
922 1692 1051 1770 partitio,
1070 1709 1156 1769 argu·
1264 1752 1266 1762 ‚

84 1781 224 1849 mentatio,
252 1779 415 1857 perorati03
445 1777 548 1837 deinde
576 1777 767 1836 elocutionem
797 1779 956 1856 (ἑρμηνείαν
978 1777 1038 1836 sire
1056 1777 1155 1850 λέξιν),

83 1865 215 1923 actionem
240 1857 435 1944 (ὑπόκρισιν),
463 1865 626 1921 memoriam
646 1857 797 1943 (μνήμην).
827 1861 909 1920 cont.
930 1861 1044 1936 Quintil.
1064 1863 1097 1933 3,
1125 1863 1155 1920 3.

83 1949 148 2018 init,
175 1945 222 2008 ubi
250 1947 325 2026 quod
352 1949 377 2026 ᾗ.
406 1947 435 2007 7.
463 1947 696 2008 citatur·Cicero
719 1949 745 2006 in
772 1945 907 2018 Oratore,
937 1948 997 2028 cius
1016 1947 1108 2014 locum
1127 1947 1155 2006 iu

81 2036 164 2116 primo
187 2033 223 2094 de
247 2035 324 2092 Orat.
349 2053 374 2092 c.
398 2033 452 2104 31,
481 2035 557 2104 142,
585 2054 639 2093 non
659 2033 705 2092 hic
724 2034 844 2092 inveniri
864 2033 962 2091 neseio
982 2051 1033 2090 cur
1050 2031 1157 2090 dixerit

82 2117 211 2198 Spalding
231 2119 297 2197 Vol.
321 2121 349 2177 1.
373 2139 401 2198 p.
423 2121 495 2178 445.
518 2119 546 2179 in
571 2119 645 2176 notis
667 2119 731 2176 crit.
751 2129 781 2177 et
799 2117 972 2193 exegeticis,
1000 2117 1024 2176 si
1043 2117 1155 2196 quidem

81 2203 120 2261 hic
142 2203 240 2280 eadem
259 2214 361 2262 auctor
379 2203 477 2274 docet,
506 2223 673 2282 quamquam
691 2206 780 2264 minus
799 2213 909 2281 aperto.
955 2202 1087 2260 Ceterum
1107 2203 1155 2265 alii

80 2288 213 2348 rhetores²
227 2289 313 2347 alitor
335 2287 371 2347 do
394 2288 437 2346 lris
459 2288 585 2366 partibus
607 2289 677 2346 artis
699 2306 767 2346 suae
789 2297 961 2357 statuerunt,
990 2285 1026 2345 de
1050 2307 1103 2366 qua
1122 2307 1155 2345 ro

82 2373 130 2432 tid.
152 2373 280 2442 Maerek.
305 2371 340 2432 de
362 2371 519 2432 Theodect.
544 2394 572 2452 p.
590 2375 642 2430 41.
661 2371 725 2430 adn.
746 2376 774 2432 1.
794 2374 823 2430 2.
842 2377 871 2430 4.
892 2383 921 2429 ot
939 2371 1000 2430 Cic.
1020 2371 1056 2430 do
1075 2372 1154 2430 Orat.

80 2459 108 2528 2,
134 2461 187 2526 19,
200 2528 203 2534 ,
216 2459 266 2518 79.
291 2457 356 2517 dein
379 2479 476 2518 rursus
498 2457 627 2518 Maerck.
651 2457 669 2516 l.
694 2477 720 2516 c.
738 2479 766 2538 p.
785 2459 836 2518 45.
856 2453 921 2518 adn.
941 2458 991 2516 13.
1010 2455 1085 2537 etp
1103 2458 1155 2516 63.

113 2547 207 2602 ,293
249 2587 256 2600 .

81 2543 109 2619 §i
157 2647 183 2723 ξ.
207 2565 258 2705 ii.
282 2664 365 2722 quom
389 2655 511 2706 constet.
535 2643 590 2704 Pro
615 2665 698 2723 quum
721 2643 789 2707 Ero.
812 2609 892 2724 putat
915 2643 1065 2722 legendnm
1089 2663 1154 2703 esse
1202 2617 1208 2640 ⁸
1255 2634 1258 2640 ’

79 2750 162 2808 qnae,·
191 2749 256 2790 esse
280 2731 353 2788 eninr
377 2727 584 2802 definitionem,
612 2751 667 2788 non
691 2732 840 2790 rationem.
883 2729 1013 2788 Atratio
1034 2729 1155 2788 hicnon

79 2816 160 2876 miuus
177 2827 258 2874 recte
278 2815 370 2874 locutu
389 2815 483 2885 habet,
504 2835 585 2894 quam
605 2814 743 2916 delini&
787 2815 871 2874 Ratio
890 2826 983 2874 autem
1003 2815 1074 2874 haee
1093 2825 1152 2872 est:

79 2917 129 2958 rox
146 2893 367 2970 etmotus'lunt
385 2901 530 2980 corporis3
560 2921 631 2978 ergo
651 2920 730 2960 voers
749 2911 780 2959 ot
797 2912 888 2960 motus
907 2894 1070 2980 eloquentia
1089 2917 1156 2956 cor-

78 2987 149 3062 poris
168 2986 331 3064 eloquentia
349 2995 403 3044 est.

155 3107 259 3147 oooce
282 3097 370 3164 otqoe
391 3095 478 3164 apoto.
501 3085 576 3146 Ven.
600 3088 629 3144 1.
653 3097 685 3144 ot
700 3106 770 3144 once
789 3095 821 3144 et
835 3094 922 3144 moto.
941 3083 1017 3144 Med.
1038 3094 1070 3144 ct
1084 3105 1155 3142 ooce

77 3181 158 3230 motu.
182 3172 298 3245 Quintil.
318 3173 373 3242 11,
397 3169 430 3242 3,
454 3172 482 3230 1.
505 3173 712 3231 Pronuntiotio
736 3171 919 3248 oplcrisque
938 3172 1016 3230 notio
1036 3171 1154 3240 dicitnr,
1184 3223 1185 3230 ,

76 3257 126 3314 sed
136 3259 221 3336 prins
238 3277 342 3316 nomen
361 3275 380 3316 o
397 3275 477 3326 voce,
495 3275 618 3333 sequens
636 3275 654 3316 o
669 3267 757 3334 gestu
774 3257 890 3314 videtur
899 3257 1044 3333 occepere.
1062 3256 1155 3314 Nom·

77 3360 127 3416 qne
152 3344 295 3401 ontionem
324 3343 427 3400 Cicero
455 3341 532 3400 olins
555 3344 641 3418 qnasi
658 3354 837 3410 sennonem,
860 3341 937 3400 olias
959 3341 1155 3418 eloquentiam

77 3429 216 3501 quondam
242 3429 377 3504 corporis
403 3428 485 3486 dicit.
527 3427 606 3484 Idem
634 3437 729 3486 touton
756 3428 830 3486 diros
855 3427 918 3484 eins
939 3435 1044 3504 portes
1060 3422 1153 3502 socii,

77 3529 146 3584 quoe
162 3521 231 3572 sunt
248 3513 366 3572 enodem
378 3513 646 3589 pronunciationis,
665 3531 780 3570 nocem
798 3521 904 3588 otqnc
923 3521 1057 3570 motum.
1076 3510 1153 3568 Mer.

75 3591 221 3654 Actionem
242 3595 305 3668 (dic
326 3595 626 3675 Guberddnspraoho),
647 3617 725 3675 aquam
745 3597 879 3673 corporis
897 3597 1092 3672 eloquentium
1111 3593 1155 3658 di·

77 3679 125 3749 eit,
143 3681 169 3739 in
188 3680 278 3740 tribus
296 3682 391 3759 ponit,
412 3674 544 3751 in'rooe,
564 3683 591 3738 iu
611 3693 694 3759 gestu
714 3681 903 3753 (Gt-horden),
922 3690 953 3738 et
969 3681 1055 3740 vultu
1067 3679 1154 3756 (Mie-
1211 3723 1214 3730 ι

77 3776 131 3834 ιιι).
175 3765 278 3826 Gestus
297 3786 314 3823 a
332 3765 483 3842 gestiendo
503 3765 595 3824 dictus
613 3766 735 3836 ridetur,
755 3763 831 3844 quod
849 3775 942 3838 taurea
960 3765 1077 3841 verbum
1096 3785 1153 3822 uon

77 3849 213 3925 siguificat
230 3852 284 3909 uisi
304 3861 411 3910 certam
431 3850 568 3928 quandam
587 3853 711 3928 speciem
732 3861 838 3925 gestus,
862 3849 923 3908 sich
941 3849 1014 3911 iiber
1033 3885 1070 3893 —-
1091 3850 1153 3908 siclt

76 3935 123 3992 aui
143 3946 230 3994 etwas
256 3937 372 4005 irenen,
400 3935 461 3996 siclt
488 3955 541 3994 vor
567 3934 678 3996 Frende
706 3935 784 3992 nieht
809 3954 845 3992 zu
867 3934 960 3992 lassen
978 3935 1097 4003 wissen,
1124 3953 1151 3991 v.

76 4013 204 4081 lloederi.
224 4021 272 4080 lat.
292 4018 401 4098 Synon.
420 4019 486 4078 Vol.
507 4021 536 4081 5.
556 4040 584 4096 p.
604 4015 654 4078 58.
675 4021 723 4078 59.
743 4039 786 4076 nr.
806 4021 835 4078 8.
850 4021 880 4078 9.
895 4015 1153 4078 .Αιει11)ειιιιιίνιιιιι

75 4114 168 4173 gestos
193 4116 280 4165 totam
309 4104 440 4182 corporis
466 4104 656 4181 eloquentium
683 4103 801 4174 indicat,
834 4105 929 4162 latiori
956 4124 1040 4164 sensu
1067 4103 1153 4160 etiam

76 4187 171 4248 vultum
190 4188 450 4269 comprehendens,
474 4187 706 4266 quemadmodum
726 4211 780 4248 vox
800 4187 961 4260 Geberdeu.
994 4189 1066 4260 Quin
1085 4207 1152 4264 ger—

76 4273 177 4334 manica
199 4296 255 4334 vox
278 4275 362 4338 etiam
381 4273 512 4363 ambitum
532 4273 636 4333 latinae
655 4274 785 4346 excedit,
810 4271 888 4352 quod
907 4294 963 4332 noa
983 4273 1070 4330 solum
1090 4291 1151 4331 mo·
