2684 4990
213 469 290 534 fflil
379 469 637 524 ΟΟΜΜΕΝΤᾹΠΙΙ
658 468 697 522 lN
717 466 907 522 OECERDNlS
927 468 1139 522 onenonnm.

304 655 336 704 et
350 645 465 722 elt‘quid
480 645 633 722 aenaeae
648 661 684 702 ac
700 644 847 720 aeganae.
883 641 955 702 linio
977 642 1047 700 nibil
1070 642 1160 702 simile
1178 653 1225 702 ent
1240 662 1282 722 pn

217 734 324 810 seponi,
338 729 414 808 apud
436 729 567 790 rbetotes
591 746 714 806 graecos
737 735 767 788 ot
789 729 905 798 latinos,
928 729 981 788 nisi
1005 729 1079 812 haee
1100 729 1198 788 hrevin
1220 727 1281 806 spel

218 817 333 889 Quintil.
352 818 387 886 9,
411 817 444 885 2,
467 820 512 886 4.,
538 815 586 874 ubi
610 815 716 892 lignem
737 834 755 872 n
778 814 921 872 Cicerone
948 824 1119 873 memoratas
1144 824 1280 873 recensete

216 922 294 980 qnae
311 902 517 977 relinquenda,
538 919 612 978 quae
631 901 842 958 contemnenda
857 902 931 969 sint,
951 901 1093 958 iudicare.

301 997 339 1045 ut
353 995 423 1046 ante
436 988 634 1062 praemuniat.
655 984 716 1067 Cic.
736 983 771 1044 de
791 983 870 1042 Orat.
889 986 917 1054 3,
938 986 991 1054 53,
1011 987 1083 1044 204.
1098 985 1281 1062 praemunitio

219 1082 266 1132 est
281 1075 367 1136 ctiam
386 1071 487 1141 adid,
507 1073 585 1148 qnod
601 1071 791 1147 adgrediare,
810 1080 843 1128 et
858 1072 995 1136 traiectio
1014 1073 1045 1130 in
1063 1071 1162 1130 ulium·
1182 1069 1282 1142 Quintil.

219 1161 253 1228 9,
273 1160 306 1227 2,
326 1158 375 1214 16.
403 1157 482 1214 Mire
498 1173 568 1214 uero
588 1158 618 1214 in
637 1157 733 1214 eanse's
749 1157 831 1214 ualet
841 1157 1037 1232 praesumtio,
1063 1171 1138 1233 quae
1156 1149 1284 1234 πρόληψις

119 1301 122 1308 ,
219 1243 340 1312 dieitur,
368 1259 429 1300 enm
453 1242 496 1310 id,
525 1243 604 1318 quod
624 1241 717 1300 obiici
731 1249 852 1328 potest,
869 1254 1049 1318 occupamus.
1093 1242 1130 1299 ld
1151 1243 1282 1318 nepesin
1332 1273 1333 1282 κ

215 1330 286 1387 aliis
299 1326 438 1404 partibus
451 1343 558 1403 purum
577 1335 633 1395 est,
649 1336 688 1383 et
700 1328 864 1403 macomus
876 1321 1030 1403 prooemio
1048 1327 1195 1384 convenit.
1236 1325 1284 1382 Sed
1332 1375 1333 1380 ,

212 1431 381 1492 ‘quanquam
406 1413 528 1488 generis
554 1413 652 1481 unius,
685 1413 817 1470 demersas
843 1413 1076 1488 tomen.speeies
1101 1411 1201 1470 babet.
1240 1413 1284 1470 Cet

214 1501 291 1558 enim
315 1499 457 1576 quaedam
475 1498 689 1573 praemunitio,
714 1497 810 1574 quabs
834 1497 987 1558 Ciceronis
1008 1505 1115 1556 anatra
1141 1499 1175 1573 (t.
1196 1497 1282 1555 Caeci-

215 1583 295 1654 liam,
314 1584 394 1660 quod
406 1583 446 1640 ad
459 1582 653 1641 accusandum
667 1583 835 1650 descendat,
854 1583 908 1659 qui
922 1601 1036 1660 semper
1053 1578 1223 1659 defenderit
1237 1591 1282 1638 ete

214 1667 299 1726 Adde
319 1667 354 1725 de
373 1665 452 1725 Orat.
471 1668 504 1737 2,
525 1667 579 1738 75,
598 1664 671 1725 304.
710 1667 807 1742 Quid?
827 1668 856 1724 si
876 1667 907 1725 in
929 1667 1060 1726 bonttnes
1082 1685 1172 1726 caros
1193 1667 1283 1725 iudici·

217 1753 325 1831 busque
347 1753 489 1812 iucundos
509 1755 572 1812 sine
598 1753 660 1811 ulle
682 1753 921 1829 praemunitione
943 1755 1088 1816 oratione'e
1110 1752 1243 1811 acerbius
1261 1759 1285 1807 et

215 1839 452 1898 contumeliosius
476 1838 633 1909 invehere,
657 1857 754 1896 nonne
772 1837 825 1895 abs
843 1847 871 1894 te
890 1838 1001 1896 iudices
1019 1837 1194 1896 abalienes?
1215 1837 1244 1907 3,
1259 1837 1281 1904 9,

1331 1821 1333 1896 l

216 1925 267 1983 32.
290 1924 446 1991 videtisne,
468 1942 564 1998 gennas
580 1922 636 1980 boe
654 1923 734 1998 quod
748 1925 792 1982 sit
804 1923 953 1982 Antonii?
970 1955 1013 1966 —-
1028 1925 1243 1999 praemunitum
1261 1929 1285 1978 et
1331 1899 1333 1956 l

213 2028 255 2067 eea
273 2009 353 2066 omni
368 2017 459 2084 parte
477 2025 584 2084 eamne
600 2016 721 2084 septum·
747 2006 843 2086 Aquil.
862 2006 942 2066 Rom.
960 2028 987 2085 p.
1007 2008 1078 2068 143.
1096 2006 1190 2066 videri
1208 2006 1283 2088 possit

215 2092 288 2154 hanc
311 2085 429 2169 ligneam
452 2091 677 2170 prodiontbosin
704 2091 877 2171 appellasse,
906 2094 986 2153 onius
1009 2092 1080 2152 haee
1103 2092 1195 2152 verba
1215 2101 1280 2150 sunl:

210 2178 444 2256 prodiortbosis,
462 2179 648 2255 penecadens
669 2179 827 2236 eorrectio.
870 2179 952 2236 llaec
964 2177 1086 2256 figura,
1110 2179 1167 2236 ubi
1186 2176 1282 2254 aliquid

214 2265 410 2322 necessarium
441 2265 521 2324 aaa
546 2272 585 2322 ·et
611 2265 731 2322 nnsuane
762 2263 948 2322 audientibus
978 2273 1031 2322 aut
1056 2265 1188 2322 odiosum
1212 2261 1282 2321 nobis

215 2351 445 2420 dicturisnmus,
459 2350 637 2425 praemunit.
665 2349 835 2426 Exemplum
855 2349 934 2424 opud
953 2349 1121 2420 Ciceronem
1129 2345 1280 2428 sreqnem:

218 2436 387 2510 (luaaquam
405 2436 514 2503 seatio,
539 2434 722 2510 quantulae
741 2453 802 2494 eum
822 2430 985 2512 offensione
1008 2435 1141 2494 dicturus
1163 2436 1226 2504 sein,
1247 2432 1281 2490 di·

63 2533 66 2548 ⁶
97 2539 107 2564 0
215 2521 335 2577 cendum
354 2528 406 2576 est.
445 2517 482 2574 Αι
503 2516 712 2596 prodioetlsasis
731 2519 785 2578 ista
803 2519 892 2596 magis
910 2529 1044 2598 spectare
1062 2517 1280 2577 videtui-odilla

214 2603 301 2664 verba
326 2603 475 2660 Ciceronis
493 2602 534 2660 'de
560 2602 637 2660 Orat.
661 2605 695 2673 3,
720 2605 773 2674 53,
797 2605 869 2661 204.
893 2613 950 2661 tum
978 2605 1124 2662 eorrectio
1155 2605 1204 2662 uel
1226 2611 1280 2661 ean

216 2683 450 2766 (apodeicticam)
470 2689 519 2746 uel
529 2697 600 2764 post
617 2707 700 2766 quum
720 2689 832 2748 dieern's
852 2683 1084 2770 (ἐπανόρθωσις).
1109 2689 1194 2748 Conf.
1212 2705 1280 2766 sapa

127 2794 129 2802 ·
215 2791 241 2830 c.
257 2773 306 2842 39,
322 2775 392 2833 135.
408 2787 495 2851 supet
513 2772 625 2831 verbis:
646 2783 700 2832 anet
716 2793 800 2852 quum
819 2775 994 2851 corrigimus
1011 2783 1125 2832 nosmet
1141 2777 1219 2852 ipsos
1235 2783 1278 2830 ete.

215 2857 258 2916 De
278 2859 459 2937 epanonthosi
479 2860 520 2916 sie
540 2857 589 2918 lul.
607 2858 744 2918 Colinian.
764 2879 790 2937 p.
806 2859 894 2918 238.:
927 2859 1142 2936 Epnnortbosis
1162 2867 1212 2928 est,
1230 2873 1278 2915 enen

213 2945 303 3022 snpra
323 2945 428 3003 dietum
446 2945 563 3002 uerbum
581 2943 670 3002 nerle
688 2946 826 3022 sequenti
840 2945 1016 3022 corrigitur,
1041 2953 1086 3001 nt:
1115 2945 1185 3004 Noa
1202 2941 1279 3002 merri·

128 3085 130 3093 ,
209 3049 297 3108 pere,
321 3029 439 3088 boe'est
451 3027 566 3108 surori.
603 3029 709 3088 Latine
732 3031 841 3088 dicitur
862 3032 1017 3088 eorrectio.
1045 3027 1106 3087 Cic.
1127 3027 1277 3107 proiicit.

213 3117 249 3172 41
261 3115 342 3185 ,’97.
378 3115 564 3173 Bmeadisium
587 3117 668 3185 veni,
696 3115 746 3174 uel
764 3117 865 3192 potins
892 3115 932 3172 ad
956 3117 1071 3172 moenia
1099 3115 1216 3174 necessi.
1254 3109 1277 3168 ln

216 3201 440 3278 praemunitione
459 3211 552 3258 nutem
571 3201 645 3258 anille
664 3199 810 3258 eorrectio
830 3209 886 3269 est,
910 3197 961 3257 sed
980 3201 1101 3257 remotio
1121 3201 1196 3270 eius,
1219 3191 1278 3276 qnod

214 3286 315 3363 aliquis
334 3285 461 3344 obiiciat.
837 3329 840 3336 .

299 3381 335 3427 ut
353 3373 383 3427 ia
407 3389 441 3428 eo
465 3372 542 3446 apsa,
567 3372 597 3428 in
621 3389 677 3446 nuo
700 3371 948 3447 reprebendatur,
973 3371 1087 3446 culpam
1106 3371 1136 3428 in
1156 3372 1277 3428 aduerso·

213 3456 289 3512 rium
306 3451 452 3528 conserat.
477 3454 539 3511 Cic.
559 3453 594 3511 de
613 3453 691 3512 Oret.
712 3455 745 3525 3,
767 3456 820 3525 53,
839 3457 911 3514 204.
930 3456 980 3513 nel
995 3474 1078 3532 quum
1097 3455 1211 3533 aliquid
1225 3458 1277 3510 n'tt

214 3541 277 3615 ipso
299 3539 540 3627 reiicinnConi.
561 3539 676 3610 Quintil.
695 3541 729 3609 9,
752 3541 786 3610 2,
808 3545 840 3597 4.
866 3557 1016 3598 remouere
1039 3559 1058 3598 n
1077 3559 1123 3610 se,
1151 3543 1182 3599 in
1204 3539 1276 3597 aliun

215 3625 363 3682 traiicere.

156 3781 160 3790 1
299 3709 324 3784 ξ.
344 3710 416 3768 138.
439 3717 472 3766 ut
490 3727 579 3786 saepe
598 3727 660 3766 eum
679 3709 728 3777 iis,
753 3711 805 3786 qui
820 3710 956 3779 audiunt,
979 3715 1186 3787 nonnunquam
1204 3707 1275 3772 enm

214 3811 277 3851 cnm
296 3793 466 3852 ednmsario
485 3795 572 3871 qnasi
586 3793 739 3852 deliberet.
765 3793 825 3851 Cic.
845 3793 881 3854 de
901 3792 978 3852 Orat.
997 3797 1032 3866 3,
1053 3797 1109 3865 53,
1126 3796 1198 3854 204.
1215 3805 1277 3849 con·

213 3879 387 3947 manendo,
412 3898 487 3956 puae
506 3887 552 3938 est
568 3881 655 3956 quasi
670 3899 733 3938 cnm
752 3881 889 3957 idipsis,
914 3881 994 3957 apud
1010 3899 1082 3958 quos
1099 3881 1194 3948 tiens,
1215 3873 1275 3934 deli·

214 3963 339 4022 berctia
380 3962 546 4022 Plenissime
568 3965 639 4023 haee
663 3965 732 4024 insit
747 3963 872 4037 ¹Quintil.
894 3967 927 4034 9,
951 3967 985 4035 2,
1009 3967 1074 4036 20,
1102 3965 1148 4043 qni
1172 3981 1229 4022 cun
1249 3957 1275 4014 iit

214 4047 306 4126 iungit
328 4047 432 4106 (lictum
454 4068 471 4106 n
494 4068 526 4106 se
549 4043 713 4129 παράδοξον
735 4052 769 4119 9,
793 4052 826 4119 2,
850 4050 900 4107 23.
931 4057 1062 4128 (quocum
1087 4043 1274 4108 eonferendum

214 4143 260 4192 est
278 4133 494 4192 Ciceronianam
513 4132 550 4194 (le
569 4134 647 4192 (lent.
663 4137 695 4205 3,
716 4137 769 4204 54,
788 4134 859 4194 207.
879 4144 911 4192 et
926 4136 1110 4212 improvisum
1129 4133 1274 4212 quidelmnl·
1326 4177 1327 4180 ,

213 4219 305 4276 Porro
324 4217 440 4292 Quintil.
460 4217 563 4276 ibidem
582 4219 608 4295 ξ.
628 4222 680 4277 24.
699 4239 761 4278 eum
781 4220 1036 4278 communicatione
1051 4220 1150 4298 «iungit
1165 4213 1273 4296 penult·

212 4305 336 4374 sconem,
360 4321 477 4382 quocum
501 4305 577 4362 coni.
597 4304 682 4362 Rutil.
701 4303 772 4382 Lup.
795 4325 824 4383 p.
843 4304 914 4363 130.
940 4307 1105 4382 (epitrope)
1130 4314 1159 4364 et
1179 4295 1272 4364 eici·
