2764 4978
350 458 412 520 An
446 453 652 522 huncum
687 456 894 524 BRUTUM.
984 459 989 470 “
1121 462 1166 526 d!

24 631 25 660 ¹
98 641 126 706 et
148 633 315 732 praeripit.
368 633 619 732 Theophrastus
641 659 720 710 reno
744 635 861 710 iisdem
884 635 1044 712 derebus
1068 639 1167 714 etium
1245 654 1248 664 “

24 777 25 784 1
96 737 282 808 neenrutios.
333 737 418 828 Quis
440 761 520 833 ergo
541 739 623 810 istos
647 738 749 831 feret,
772 740 909 838 quiphos
931 750 1082 816 auctores
1099 767 1167 816 non

95 837 244 934 prohentl
262 839 328 910 nisi
346 840 477 912 omnino
495 840 579 912 haee
596 863 670 913 esse
687 841 729 912 ub
746 841 790 914 iis
808 851 984 940 praecepte
1001 844 1174 919 nesciunt>

97 931 185 1031 Quod
201 942 229 1012 si
245 941 293 1012 ita
310 950 376 1034 est,
400 942 479 1035 (nee
496 967 573 1014 vero
592 943 690 1014 aliter
706 939 875 1034 existimo)
894 943 994 1040 quid?
1010 946 1076 1042 ipsi
1093 948 1234 1021 sois173

94 1044 233 1116 sensibus
259 1069 327 1116 non
352 1052 540 1136 rnouentur,
566 1045 694 1118 nihilne
720 1046 768 1118 eis
794 1045 1057 1138 inprovidens,
1085 1049 1169 1120 nihil

94 1143 302 1237 inconditum,
325 1147 409 1219 nihil
431 1155 576 1240 sumum,
599 1147 684 1220 nihil
705 1145 913 1239 eluudieans,
938 1149 1024 1222 nihil
1045 1151 1170 1224 redun-

94 1246 192 1326 dans?
242 1247 287 1320 In
308 1270 405 1322 versu
426 1249 556 1346 quidem
581 1249 709 1324 theatra
734 1256 803 1322 totu
826 1250 1030 1346 exclament,
1056 1253 1170 1326 siluit

24 1379 25 1410 u
93 1374 150 1420 une
166 1350 295 1444 syllaba
310 1359 370 1437 eut
386 1352 517 1424 hreoior
534 1359 593 1424 unt
605 1352 770 1448 longior.⁴
802 1351 877 1426 Neo
893 1377 971 1426 vero
993 1354 1167 1440 multitudo

92 1451 181 1546 pedes
200 1453 301 1543 novit,
319 1478 382 1526 nee
395 1453 481 1526 ullos
495 1475 647 1526 nmneros
659 1462 761 1546 tenet,
778 1479 841 1528 nee
857 1455 941 1528 illud
957 1456 1043 1552 quod
1062 1457 1168 1530 ollon-

94 1553 133 1626 dit
154 1562 227 1628 eut·
247 1579 308 1626 cur
338 1564 395 1628 eut
423 1557 460 1628 in
491 1581 554 1652 quo
587 1557 748 1647 ollendat,
782 1557 959 1653 intelligit:
995 1567 1028 1630 et
1058 1567 1168 1633 toronen

92 1657 226 1730 omniurn
250 1657 493 1753 longitudinum
519 1667 552 1730 et
576 1659 772 1730 brevitatum
797 1659 833 1732 in
860 1661 951 1732 sonis
977 1661 1065 1736 sieut
1085 1685 1168 1734 oru-

92 1766 187 1831 turum
205 1760 419 1856 graviumque
436 1774 552 1834 vocum
568 1761 725 1834 indieium
742 1761 817 1857 ipsa
832 1769 953 1834 nutura
973 1761 1009 1834 in
1032 1763 1167 1836 amihos

91 1863 202 1933 nostris
221 1862 408 1934 collocavit.
828 1908 830 1918 x

180 1963 272 2037 LII.
307 1963 416 2037 Visne
432 1965 552 2060 igitur,
567 1963 690 2056 Brute,
707 1972 812 2038 totum
828 1963 917 2038 hune
933 1965 1044 2038 locum
1061 1977 1236 2042 occu-1⁷4
1360 1971 1361 1976 ’

23 2095 24 2104 ¹
91 2067 184 2139 retius
205 2069 305 2139 etiam
323 2067 525 2164 explicemus
543 2092 640 2164 qoem
657 2067 708 2140 illi
724 2068 808 2164 ipsi,
827 2069 883 2164 qui
900 2077 934 2142 et
950 2069 1034 2143 haee
1051 2079 1084 2142 et
1101 2071 1169 2142 elie
1326 2059 1334 2088 '

23 2221 24 2246 t
92 2169 176 2240 nohis
197 2167 431 2241 tradiderunt?
455 2251 460 2258 ⁴
482 2169 542 2242 An
565 2169 616 2241 his
639 2171 787 2243 contenti
810 2194 900 2260 esse,
927 2195 1011 2266 quae
1034 2173 1076 2242 eh
1099 2174 1168 2246 illis

92 2270 289 2363 dictasunt,
316 2270 516 2367 possumus?
569 2269 639 2344 Sed
665 2272 744 2368 quid
770 2295 892 2368 quaero
919 2274 1064 2365 velisne,
1090 2298 1192 2368 curru
1275 2343 1286 2360 ,

22 2368 24 2444 i
92 2371 186 2446 literis
216 2375 284 2446 tuis
316 2374 535 2446 eruditissime
561 2375 693 2470 seriptis
720 2382 753 2446 te
778 2373 812 2444 id
837 2374 890 2446 vel
914 2375 1057 2448 unanime
1082 2377 1167 2450 uelle

22 2459 23 2480 ¹
91 2475 333 2574 perspexerim?
384 2475 536 2548 Prinmm
561 2501 639 2571 ergo
665 2476 778 2572 origo,
804 2473 922 2548 deinde
949 2501 1066 2567 eausa,
1092 2486 1168 2573 post
1291 2549 1295 2556 .

22 2585 23 2624 ἐ
92 2585 214 2670 notura,
243 2587 313 2650 tum
339 2578 585 2652 edextremum
605 2603 684 2652 usne
705 2579 777 2675 ipse
798 2578 986 2678 explicetpr
1007 2579 1167 2654 emtionis
1222 2617 1225 2622 ·

92 2687 177 2774 eptae
194 2688 293 2776 etque
312 2705 517 2754 numerosae.

22 2773 23 2800 ³
102 2855 105 2861 Α
180 2781 217 2868 N
218 2807 272 2853 om
293 2783 350 2879 qni
370 2781 553 2855 Isocratem
574 2783 716 2856 maxime
741 2783 919 2875 mirentur,
935 2782 1009 2856 hoe
1033 2783 1069 2858 iu
1096 2784 1167 2858 eius

22 2893 23 2896 ’
92 2886 214 2957 summis
236 2884 391 2958 lundihus
412 2885 538 2978 lerunt,
560 2886 648 2982 quod
664 2886 772 2958 uerhis
790 2885 906 2958 solutis
923 2909 1077 2960 numeros
1094 2886 1168 2981 pri-

91 3005 153 3056 mus
178 2987 378 3062 adiunxerit.
433 2986 518 3059 Cum
543 2989 631 3059 enim
655 2989 780 3060 videret
804 2994 953 3058 emtores
975 3009 1049 3060 cum
1071 3011 1167 3059 seve-

91 3086 177 3160 ritate
203 3089 329 3180 eudiri,
358 3096 474 3186 poetas
500 3097 623 3161 autem
636 3114 711 3170 ouon
736 3089 919 3183 voluptate,
949 3095 1018 3158 tum
1045 3087 1167 3164 dieitur

92 3211 235 3264 nornen-oe
253 3200 401 3282 secutus,
421 3191 538 3287 quihus
556 3191 654 3262 etiarn
671 3191 706 3262 in
725 3190 873 3262 oratioue
891 3197 1072 3284 uteremur,
1091 3215 1171 3278 euru

93 3287 294 3365 iucunditatis
314 3305 426 3366 'seusu
456 3301 525 3365 tum
554 3300 592 3364 nt
621 3293 764 3364 patriotas
794 3299 984 3365 occurreret
1008 3293 1165 3366 sotietati-

94 3390 247 3480 lluodoh
274 3389 325 3467 liis
351 3421 427 3468 rore
452 3393 591 3491 quodem
617 3421 660 3468 en
685 3403 780 3492 parte
806 3419 873 3466 non
898 3394 1002 3468 totum
1029 3393 1232 3470 dieitur.1⁷5

91 3489 168 3568 Nam
193 3499 359 3582 neminem
382 3499 418 3572 in
440 3522 479 3570 eo
505 3519 628 3593 genere
649 3498 806 3572 seientius
828 3505 994 3571 remotum
1013 3494 1166 3572 Isou-rote

92 3599 303 3673 enfitendum
332 3608 400 3692 est,
430 3600 489 3672 sed
518 3601 672 3696 princeps
696 3599 891 3674 ,moerendi
919 3598 983 3672 luit
1012 3597 1166 3694 Tro-asy-

92 3701 230 3794 noehus,
247 3702 467 3784 euiusomnio
478 3702 576 3774 nimis
589 3703 688 3778 etium
706 3709 821 3776 extent
837 3701 962 3796 sdripto
978 3725 1165 3790 numerose.

21 3795 23 3800 ’
92 3795 171 3874 Nan
191 3804 245 3896 (nt
261 3804 360 3900 pmolo
379 3811 455 3877 onte
474 3800 830 3900 dixilperie-parihus
848 3802 1004 3878 adiuncto
1016 3811 1054 3876 et
1070 3804 1166 3876 simi-r

92 3897 162 3974 liter
175 3906 311 3978 delinita
326 3907 472 4002 itemque
485 3907 661 3978 eontreriis
678 3906 786 3978 relate
802 3905 984 3997 eontmmie,
1003 3929 1086 4000 quae
1103 3929 1166 3978 sue

93 4016 218 4102 sponte2
234 4009 362 4080 etiamsi
378 4009 413 4078 id
430 4018 497 4080 non
514 4027 610 4102 ogas,
633 4007 755 4078 endunt
770 4006 961 4104 plerumque
978 4031 1164 4098 numerose,
1236 4013 1240 4022 “

96 4099 229 4202 Gorgias
248 4111 374 4206 primus
395 4109 537 4201 invenit,
562 4109 620 4180 sed
645 4107 697 4180 his
723 4118 773 4180 est
797 4134 887 4190 usus,
903 4109 1164 4204 intemperatius.

94 4198 130 4274 ld
145 4219 438 4307 eutomeetgenus
457 4211 511 4304 (ut
524 4219 600 4284 ante
613 4207 815 4301 dictumest)
833 4211 997 4288 extritus
1014 4211 1164 4306 portibus
1360 4299 1361 4320 Χ

95 4307 310 4386 collocutionis
333 4314 484 4386 alterum
536 4313 666 4386 Horum
686 4322 822 4408 uterque
843 4310 1026 4388 Isoorotem
1052 4318 1232 4390 uehitutte
