2764 4978
403 443 464 506 no
500 445 704 508 MARCUM
740 445 946 508 unorum.
1196 449 1219 510 a

133 619 261 710 uictus,
293 619 499 697 doctissimos
526 645 692 693 sormones
719 623 889 716 requirens
914 631 1005 713 tirou,
1037 621 1094 694 sod
1121 623 1219 694 otiam

132 721 327 794 incredibili
339 723 428 794 larua
441 724 595 794 uirtutum
609 723 861 815 admirabilium,
880 749 964 819 «purae
982 725 1094 821 specio
1107 725 1220 821 dispa-

131 825 384 920 res‘prudentie
400 825 656 916 coniunguntur.
692 825 780 916 Quid
794 826 880 897 enim
897 835 963 898 tam
977 827 1102 900 distans
1119 817 1215 923 quam
1226 845 1267 905 ar

133 952 156 998 a
180 927 355 999 severitate
377 926 541 1000 comites?
595 927 678 1019 Quis
704 937 814 999 taruon
841 953 984 1023 unquam
1007 937 1040 1000 te
1062 937 1119 1001 aut
1139 953 1220 1004 sen-

133 1029 226 1101 ctior
247 1037 297 1100 est
316 1029 448 1101 babitus
470 1037 527 1102 aut
549 1027 702 1104 dulciori
755 1029 844 1120 Quid
865 1039 932 1100 tum
950 1030 1100 1121 dillicile‚
1122 1055 1220 1128 quam

132 1132 172 1203 in
200 1130 414 1226 plurimorum
437 1132 669 1204 controuersiis
692 1131 910 1204 diiudicandis
931 1131 972 1202 alr
996 1133 1146 1204 omnibus
1169 1134 1221 1204 di-

133 1228 222 1328 tigit
240 1234 451 1330 consequeris
464 1241 586 1322 tauron,
605 1244 641 1304 ut
654 1257 711 1306 eos
727 1235 830 1331 ipsos,
849 1257 931 1328 quos
948 1243 1065 1306 eontra
1081 1243 1219 1326 statues,

134 1359 262 1431 aequos
279 1335 493 1431 placatosque
511 1336 675 1424 dimittas3
696 1337 808 1432 itaque
825 1335 946 1428 efficis,
968 1344 1022 1428 ut,
1045 1361 1119 1408 cum
1141 1361 1221 1432 gre-

134 1438 207 1508 tiae
223 1459 325 1508 cause
341 1437 424 1510 nihil
440 1438 557 1530 lacios,
575 1439 685 1510 rrrrrnia
697 1446 807 1510 tauron
821 1439 888 1510 sint
900 1447 1007 1535 grate,
1026 1463 1111 1534 qnae
1123 1438 1219 1511 lacis.

134 1537 235 1635 Ergo
248 1540 398 1612 omnibns
410 1540 507 1612 terris
520 1565 588 1612 uua
601 1539 716 1612 Gallio
730 1542 894 1612 communi
912 1565 978 1614 non
995 1541 1088 1614 ardet
1104 1541 1222 1612 ineen-

136 1641 211 1712 dio:
233 1641 269 1712 in
285 1655 350 1737 qua
366 1642 486 1714 frueris
498 1641 575 1738 -ipsc
594 1651 643 1732 te,
666 1667 740 1716 eum
751 1643 792 1714 in
811 1642 931 1714 Italiae
947 1643 1022 1714 loce
1038 1667 1222 1740 cognosco·

134 1744 205 1835 ris‚
226 1744 433 1840 versarisque
449 1745 485 1816 in
502 1744 698 1840 optimorum
717 1745 836 1816 civium
853 1747 905 1816 vel
922 1745 1003 1817 llore
1021 1745 1072 1816 vol
1091 1747 1221 1817 robore.

135 1846 214 1918 Iam
236 1854 393 1940 quantum
414 1846 498 1916 illud
519 1856 584 1936 est,
610 1847 697 1944 quod
718 1848 755 1918 in
775 1849 928 1942 maximis
949 1848 1222 1944 occupationibus
1270 1900 1272 1904 .

125 1969 307 2043 nunquam
332 1948 522 2020 intermittis
548 1949 657 2020 studia
683 1949 871 2022 doctrinae!
903 1975 1033 2048 scrupeo·
1063 1959 1122 2021 aut
1139 1951 1221 2046 *ipse

136 2045 261 2124 scribis
280 2049 419 2145 aliquid,
438 2059 496 2122 aut
512 2075 563 2121 me
580 2075 680 2123 voces
696 2052 739 2122 ad
755 2052 982 2124 scribendam-l
1018 2049 1138 2148 Itaque
1155 2053 1268 2138 boeda
1374 2073 1381 2086 ⁸

136 2178 213 2226 sum
231 2176 405 2247 eggressus
428 2153 539 2224 statim
557 2151 685 2226 Catrme
702 2155 870 2226 absolutor
893 2179 989 2250 quem
1007 2155 1114 2250 ipsum
1133 2179 1221 2226 nun-

136 2279 238 2351 quam
260 2255 443 2350 attigissem
464 2263 611 2351 tempora
632 2255 750 2328 tinrens
771 2257 906 2328 inimica
926 2257 1054 2346 virtuti,
1077 2255 1142 2327 uiui
1163 2256 1224 2326 tibi

130 2357 285 2430 ,hortanti
308 2365 343 2428 ct
361 2357 451 2428 illius
469 2357 658 2428 raemoriam
676 2359 755 2428 mibi
772 2383 883 2429 ceram
901 2357 1060 2431 excitanti
1078 2383 1144 2429 non
1161 2383 1225 2454 pra-
1280 2392 1287 2408 1

135 2485 215 2532 rere
232 2457 326 2530 uetes
344 2483 417 2530 esse
435 2458 613 2530 duxissem.
665 2457 736 2532 Sed
755 2460 930 2552 testificor,
954 2485 1005 2534 me
1027 2485 1047 2530 a
1068 2468 1102 2531 te
1123 2483 1225 2556 roga-

135 2571 210 2633 tnm
228 2569 262 2632 et
278 2570 484 2638 recusantem
502 2562 584 2634 bueo
602 2563 749 2634 scribere
767 2587 839 2634 esse
857 2587 984 2636 ausum.
1027 2560 1119 2635 Volo
1137 2562 1224 2634 onim

136 2663 222 2736 nribi
237 2670 346 2736 tecum
363 2687 534 2736 cournmnc
552 2689 624 2736 esse
642 2666 782 2754 crimme,
800 2673 859 2756 ut,
872 2665 901 2737 si
918 2665 1081 2737 sustinere
1099 2672 1224 2736 tantam

136 2765 368 2862 quaestionem
385 2791 452 2838 uon
468 2775 619 2862 potuero,
636 2767 751 2840 iniusti
769 2767 879 2839 oneris
896 2767 1041 2863 impositi
1054 2775 1112 2837 tua
1125 2767 1225 2863 culpa

135 2869 200 2959 sit,
223 2891 296 2938 moe
316 2868 462 2964 recepti3
484 2869 519 2940 in
537 2875 729 2967 quatamcu
746 2869 848 2940 iudici
865 2870 971 2940 nostri
988 2893 1132 2944 errorem
1149 2868 1227 2940 laus

136 2970 204 3041 tibi
222 2969 289 3040 deti
306 2967 452 3042 innueris
470 2971 707 3066 compensabit.
1177 2966 1181 2980 “

242 3068 314 3142 ΧΙ.
358 3069 428 3144 Sed
445 3071 480 3142 in
498 3072 587 3148 ornni
603 3097 640 3144 re
657 3071 886 3143 difficillimum
902 3079 973 3162 est,
990 3070 1129 3144 sormam
1146 3070 1218 3167 (qui
1229 3089 1281 3149 36,

132 3167 327 3271 χαρακτήρ
349 3171 482 3246 Graece
503 3167 640 3264 dicitur)
666 3197 833 3270 exponere
859 3173 992 3269 optimi:
1020 3173 1107 3269 quod
1133 3171 1224 3246 aliud

137 3275 218 3350 aliis
243 3275 372 3348 videtur
401 3275 570 3372 optimruu.
622 3273 736 3348 Ennio
771 3275 932 3366 delector,
967 3276 1014 3347 eit
1048 3277 1223 3373 quispiam,
1336 3295 1340 3302 ·

138 3378 231 3474 quod
250 3400 318 3450 non
339 3377 478 3449 discedit
498 3402 519 3448 a
540 3379 704 3452 corurmmi
725 3403 815 3450 more
835 3379 1028 3450 uerborum:
1063 3378 1223 3469 Pacuvio,

136 3480 249 3576 inquit
267 3479 383 3568 alinea
402 3493 514 3563 ornnes
535 3481 623 3577 apud
648 3481 736 3552 bunc
762 3481 869 3552 ornati
896 3480 1121 3580 elaboratique
1146 3489 1224 3551 sont

137 3607 272 3674 versus,
307 3582 411 3654 multe
444 3583 531 3678 aliud
565 3583 705 3656 alterum
739 3583 972 3679 negligentius.
1023 3581 1096 3654 Feo
1122 3582 1224 3654 elium
1348 3637 1352 3644 .

137 3684 258 3773 Attio;
278 3684 371 3755 uaria
392 3684 479 3756 enim
500 3693 577 3756 sunt
598 3685 720 3770 iudicia
740 3694 778 3756 nt
797 3685 832 3757 in
851 3683 1008 3776 Graecis,
1030 3708 1092 3756 noo
1113 3684 1223 3756 facilis

138 3785 338 3882 explicatio,
374 3810 457 3882 quae
486 3786 592 3858 lomna
625 3779 766 3860 unanime
800 3786 955 3858 excellat.
1006 3785 1050 3857 Iu
1083 3787 1223 3882 picturis

139 3890 226 3960 alios
243 3887 388 3978 horride,
406 3888 543 3980 inculte,
562 3889 674 3960 abdita
688 3896 721 3960 et
734 3913 852 3985 opaea:
872 3895 988 3960 contre
1005 3888 1088 3960 alios
1106 3889 1222 3979 nitida,

135 3991 247 4080 laete,
269 3990 464 4062 collustrata
480 3989 657 4062 delectant.
710 3990 800 4082 Quid
817 3998 883 4081 est,
901 4014 966 4086 quo
983 3991 1222 4086 praescriptum

141 4091 278 4188 aliquod
294 4097 352 4162 ant
368 4091 542 4168 lorrunlam
559 4091 741 4188 exprime,
765 4116 840 4164 curn
859 4094 895 4163 in
917 4117 976 4164 suo
994 4091 1145 4187 quodque
1162 4115 1223 4185 ge-

141 4200 405 4290 nere-praestet,
426 4202 461 4266 et
480 4194 722 4290 generaplura
741 4192 834 4266 sint?
885 4193 962 4279 Ilua
983 4219 1044 4289 ego
1061 4193 1222 4288 religione

142 4321 209 4366 uon
227 4319 299 4368 sum
316 4295 358 4366 ab
380 4296 443 4368 hoc
465 4303 585 4368 conatu
605 4293 773 4394 reprulsus,
796 4295 1045 4395 existimarlqoe
1062 4296 1098 4366 in
1111 4295 1223 4366 omni-
