2678 4974
432 481 808 550 mamm-m.
950 509 954 519 .
1097 481 1146 546 ω

2 669 3 676 ’
71 666 123 728 est,
142 665 236 715 tornea
253 655 348 716 sairtt'le
366 657 447 730 esd),
464 673 583 734 scopos,
602 617 638 714 ol
654 657 698 715 ita
715 657 822 728 dream,
841 655 915 715 mitt·
929 655 1145 717 videaturad&-

2 747 3 798 ἓ
68 744 184 802 soluere.
230 740 285 799 llio
306 750 400 800 autem
415 741 593 819 ¹simpliciter
615 759 678 799 eum
701 739 842 800 dicturum
865 742 955 800 fuisse
977 745 1142 815 ueteranum,

69 845 197 906 nunquam
223 825 351 885 adducar
375 837 407 884 ot
433 825 560 886 credam.
614 825 737 884 Meliora
764 825 865 886 dooeri
892 825 1037 888 dehebant
1063 830 1178 888 etant*
1293 836 1312 858 ⁸*

69 913 187 971 fautores
204 912 251 971 vel
268 931 307 970 ex
325 912 390 970 loco
408 911 456 970 illo
475 930 493 970 a
511 909 617 970 Beiero
635 912 734 970 allato.
756 909 809 970 011.
1137 960 1143 974 ,

144 1007 234 1056 toros.
258 995 393 1056 Ernestio
412 997 441 1055 in
457 997 494 1055 ol.
516 997 544 1054 hi
563 997 619 1055 tori
636 994 721 1055 iidem
740 994 883 1069 uidentur,
896 998 942 1076 qui
960 1017 977 1056 a
995 999 1144 1077 scriptori·

68 1082 113 1140 bos
128 1083 371 1142 toruli'vooantur
385 1083 417 1140 11.
439 1101 467 1140 6.
487 1082 632 1153 lemnisci,
660 1083 791 1154 taeniae,
820 1081 925 1155 vittae,
955 1082 1142 1156 (Schneider),

69 1187 148 1246 quae,
177 1177 207 1226 ut
234 1169 263 1226 io
286 1168 405 1226 nummis
426 1178 573 1238 cernatur,
597 1167 713 1225 maioris
733 1159 894 1226 ornaloenti
908 1187 1004 1241 ,eausa
1027 1170 1144 1228 coronis

68 1251 245 1312 addebantur.
290 1251 330 1312 At
352 1261 468 1311 torosa
486 1253 629 1310 lemniscis
647 1250 786 1310 disceruit
803 1252 839 1312 C.
858 1250 898 1311 A.
919 1251 1072 1330 Boettigor
1090 1253 1144 1312 Sa·

67 1336 127 1396 lina
143 1359 170 1423 p.
190 1340 264 1398 195.
285 1336 351 1397 adn.
372 1339 403 1396 1.
425 1349 501 1416 etp.
523 1339 595 1397 196.
616 1335 684 1396 adu.
703 1340 736 1396 2.
758 1337 805 1396 od.
825 1357 870 1417 pr.
892 1337 977 1396 Cuius
995 1339 1143 1398 haeover·

68 1421 99 1480 lo
119 1434 197 1484 sunta
224 1421 279 1482 Die
302 1421 449 1496 8611111116,
480 1421 527 1482 die
550 1423 604 1480 wie
627 1423 676 1482 ein
698 1420 818 1481 Diadem
842 1423 903 1482 siolu
924 1443 970 1482 um
990 1422 1045 1482 den
1064 1423 1147 1502 Kopi

68 1507 259 1586 herunlegep‚
288 1509 401 1568 lueissou
426 1507 625 1589 ursprtlngliclu
643 1507 718 1566 1161111
736 1507 843 1567 Plinius
860 1511 992 1586 stroppa'p
1021 1507 1068 1568 die
1090 1528 1143 1568 zur

67 1593 244 1652 Zierlielkeit
265 1592 364 1652 darein
388 1595 564 1672 gokndplten
588 1593 703 1652 Knoten
727 1592 789 1652 sind
813 1592 860 1652 die
883 1595 977 1653 tornli
992 1592 1065 1652 oder
1083 1596 1145 1653 tori
1263 1586 1268 1604 ⁸

69 1698 249 1749 coronarum,
286 1677 333 1737 die
361 1679 475 1738 Cicero
493 1671 532 1736 in'
546 1677 627 1737 Orat.
653 1697 681 1736 o.
710 1679 742 1737 6.
771 1679 900 1738 orwahnt
925 1677 983 1738 und
1009 1669 1142 1738 Vidoouti

69 1782 99 1820 an
123 1765 202 1822 einer
229 1763 316 1823 Bitste
344 1763 395 1824 dos
422 1762 627 1823 Hercules'im
655 1763 908 1823 Pioolementinum
930 1765 998 1824 Vol.
1023 1766 1055 1824 6.
1080 1775 1139 1824 tav.
1238 1783 1243 1808 .

58 1849 112 1906 13.
132 1870 159 1928 p.
180 1853 233 1908 22.
254 1870 287 1908 so
305 1849 395 1908 sehon
414 1850 563 1909 erlttutert.
619 1848 767 1908 Paschalio
786 1849 822 1909 de
840 1851 957 1908 coronis
975 1852 1010 1921 2,
1031 1851 1085 1916 12.
1105 1848 1143 1910 ad

68 1933 110 1992 lin.
129 1945 157 1992 et
174 1937 231 2004 10,
255 1936 308 1996 17.
328 1956 357 2014 p.
378 1936 452 1996 622.
474 1934 548 2030 apud
566 1933 698 1994 Baiarum
718 1935 775 1993 tori
793 1946 892 2014 partes
909 1943 973 2000 sunt
990 1937 1019 1994 in
1037 1933 1143 1994 ambitu

68 2037 184 2079 coronae
203 2021 389 2079 collectiores
408 2040 442 2078 ao
461 2020 677 2098 rigidiusoulae‚
698 2022 876 2080 sententiaa
895 2019 1066 2098 Boettigero
1085 2027 1142 2079 non

67 2103 190 2164 abeunte.
213 2173 216 2178 ¹
239 2105 292 2178 Qui
319 2104 355 2164 od
378 2105 520 2184 Cuperum
544 2103 579 2164 ad
602 2105 783 2184 Apotheosin
806 2105 889 2164 llom.
903 2127 941 2185 ¹p.
965 2107 1038 2166 139.
1063 2105 1143 2165 able-

68 2208 129 2265 gans
150 2189 243 2248 addit:
273 2191 379 2269 Spater
396 2191 489 2250 iarbte
508 2208 572 2249 roan
591 2189 671 2250 diosa
691 2189 821 2250 Sohulire
838 2190 896 2250 und
914 2192 1050 2250 Fleoluten
1069 2190 1142 2272 auplu

67 2275 91 2330 in
117 2275 233 2354 Purpur.
264 2275 296 2335 S.
325 2275 371 2336 die
398 2275 607 2353 merkwiirdige
636 2275 728 2335 Stella
754 2276 828 2334 belm
850 2277 988 2336 Theocrit
1009 2279 1040 2348 2,
1065 2279 1140 2335 121.

68 2359 165 2431 Quodsi
184 2381 332 2440 eompures
350 2361 425 2420 hune
443 2362 537 2420 locum
556 2379 618 2420 eum
638 2381 666 2419 e.
686 2362 739 2432 27,
759 2363 825 2430 92,
846 2372 974 2441 apparet,
991 2371 1165 2420 torosmo··
1200 2359 1203 2370 ’
1237 2401 1244 2406 -

68 2443 164 2504 diocris
194 2448 320 2506 oratoris
349 2467 408 2505 non
436 2447 507 2506 alios
533 2447 656 2525 intelligi
680 2466 768 2525 posse
795 2447 849 2506 nisi
876 2448 1015 2506 translata
1039 2445 1140 2518 verba,

3 2577 4 2584 ,
69 2531 273 2612 (11161611γωί61,
302 2532 483 2611 metaphoras
503 2537 590 2607 ete.)3
610 2534 734 2598 modian
756 2543 851 2591 autem
872 2541 1048 2592 ornamenta
1065 2533 1143 2590 eius-

67 2613 123 2674 dem
146 2638 200 2675 non
224 2617 281 2675 alia
304 2637 384 2689 esse,
413 2619 468 2676 nisi
490 2619 595 2698 liguros
617 2617 769 2676 vorborum
793 2629 823 2677 et
845 2619 1047 2677 sententiarum
1066 2617 1140 2689 illas,

68 2719 128 2777 quas
152 2723 208 2760 nou
235 2723 307 2761 unus
334 2713 433 2762 orator
454 2701 571 2781 grandis
594 2703 646 2762 sibi
670 2702 810 2774 vindieat,
840 2715 871 2762 ut
888 2703 1140 2783 prosopopoeiam,

67 2782 326 2846 sermocinationem
349 2799 380 2846 et
401 2789 470 2847 alias
493 2789 657 2860 nonnullas,
692 2787 911 2868 deniqueequae
934 2788 1014 2846 dicas
1037 2790 1143 2848 elaris-

66 2873 131 2930 sr'mo
152 2875 276 2946 lomaiao,
301 2884 332 2932 ut
354 2893 392 2932 ex
408 2876 612 2934 sententiarum
630 2875 736 2954 liguris¹
747 2893 858 2953 paucae
876 2885 983 2933 tautum
1002 2872 1143 2934 mediocri

67 2957 262 3030 concedantur,
281 2979 310 3019 v.
331 2975 359 3018 e.
380 2959 433 3032 27,
453 2961 506 3021 95.
729 2958 733 2964 ’
1125 2981 1128 2988 ‘

307 3135 310 3142 ’
406 3175 409 3186 ,
475 3083 686 3174 Δ1111111111.

140 3215 168 3292 ξ.
189 3207 435 3295 asperumque
461 3219 518 3276 uim
541 3219 571 3275 in
592 3217 720 3293 seiugatis
742 3218 895 3275 consecuti
914 3223 994 3276 sant.
1045 3213 1141 3292 Vulgo

67 3293 206 3374 legebatur
230 3304 358 3379 seiugatis
384 3304 446 3360 sine
473 3305 516 3362 ia.
544 3335 546 3338 ·
579 3301 679 3378 „Quid
704 3304 852 3380 singulis?
877 3301 947 3360 nihil
974 3299 1051 3360 aliud
1077 3317 1142 3360 esse

67 3394 167 3458 potest,
197 3407 278 3466 quam
302 3389 332 3446 a'a
353 3389 480 3465 stagnus
500 3387 671 3465 generibus.
718 3386 778 3446 Sed
800 3386 828 3444 id
852 3389 907 3446 iam
932 3397 999 3446 ante
1022 3385 1142 3451 dictum.

66 3463 213 3530 llelendum
236 3480 346 3550 puto.“
373 3473 447 3532 Ean.
492 3474 646 3552 Aliquanto
665 3474 825 3550 spesiosius
843 3473 1000 3551 Leolercq.
1022 3472 1141 3532 Solunte.

68 3551 106 3612 od.
131 3559 168 3614 2.ἶ
191 3556 282 3616 Orell.
311 3556 369 3616 ed.·
389 3561 420 3618 1.
444 3561 571 3636 seiugatis
592 3560 622 3616 in
644 3561 759 3636 singuli
777 3558 933 3616 mutabant.
981 3559 1088 3617 Verum
1113 3559 1144 3616 ἐκ

65 3639 179 3717 uirgola's
206 3645 354 3720 „egregie
376 3645 431 3702 iam
455 3644 582 3722 Hervag.
608 3653 638 3702 ot
661 3643 808 3704 Cameren.
834 3643 941 3702 Rursus
965 3642 1103 3722 Mayarus
1127 3659 1144 3700 6

67 3725 123 3784 cod.
147 3726 245 3786 Viteb.
270 3729 410 3806 probante
432 3728 550 3788 Mosero
573 3730 602 3786 in
626 3728 758 3788 Heidelln
778 3728 877 3787 Jahrb.
899 3729 996 3788 1827.
1017 3749 1045 3806 p.
1067 3730 1141 3788 804.

66 3837 101 3852 -
116 3813 200 3871 onaan
223 3833 262 3870 ear
282 3816 409 3891 erogaret
430 3813 511 3873 Eius.
532 3845 576 3858 -—
597 3817 654 3872 orire
674 3816 801 3890 sergiolis
824 3815 927 3872 ceteri.
949 3847 992 3856 -
1009 3815 1066 3872 61111
1083 3815 1145 3872 sair·
1174 3815 1177 3822 '

65 3893 124 3966 guli
138 3897 209 3975 legit
227 3918 264 3957 ox
282 3898 435 3958 Borromei
453 3900 527 3958 libro
545 3899 728 3958 Manutius.“
749 3898 803 3956 On.
845 3898 877 3956 ln
894 3898 993 3958 verbis
1010 3900 1144 3975 stragulo·
1177 3949 1178 3952 ,

65 3995 119 4036 rom
134 4003 275 4059 generum
294 3985 324 4042 ire
342 3985 469 4060 strigulus
487 3985 585 4044 similis
603 3983 764 4061 tautologia
781 3985 872 4056 inest,
893 3994 982 4062 atque
1000 3985 1030 4041 in
1048 3981 1144 4041 vorbis

66 4057 147 4124 Taciti
166 4067 264 4127 Germ.
285 4087 313 4127 o.
333 4073 365 4128 4.
386 4070 477 4128 nullis
494 4071 563 4128 aliis
581 4071 707 4128 oliorum
724 4072 874 4128 nata'onom
894 4069 1067 4139 connubiis,
1095 4065 1144 4126 ulti

66 4161 90 4202 v·
107 4149 213 4212 Walth.
315 4161 326 4180 ⁸

2 4276 3 4284 1
139 4237 166 4314 ‚dp
191 4239 244 4299 23.
268 4241 475 4305 recordor-
498 4236 661 4318 anteferre.
689 4259 718 4300 v.
738 4234 916 4300 'llamshorm
948 4238 998 4298 Gr.
1019 4237 1089 4296 Lat.
1112 4235 1141 4314 ξ.

68 4315 130 4380 161.
149 4321 214 4384 adn.
239 4329 271 4384 4.
296 4345 326 4404 p.
346 4327 409 4387 399
427 4345 471 4410 sq.
494 4325 561 4384 coll.
583 4323 751 4386 Doederlin.
773 4323 1048 4404 Lat.Synonr.Vol.
1066 4324 1097 4382 1.
1110 4341 1140 4402 p.
1235 4331 1239 4336 “
