2684 4990
208 494 276 570 don
370 487 632 560 conann'rnnn
651 505 691 558 nn
710 497 901 561 amasius
920 499 1135 560 onnronnn.
1166 450 1171 467 .

209 681 320 760 eapitis.
364 669 407 738 lbi
430 679 503 738 cuim
528 677 654 752 additur,
678 681 743 751 ille,
768 701 850 758 pacm
872 672 1019 760 nunqnam
1036 683 1276 742 oiditAalom'as.

208 765 271 824 Bm.
308 763 357 824 Sic
381 783 417 824 ue
440 783 504 824 meo
525 765 637 844 quidem
660 786 729 844 opus
753 776 798 824 est
819 768 999 846 suspicione:
1024 787 1083 826 non
1102 770 1175 826 enim
1197 787 1275 826 anan

209 854 403 928 eloquentem,
428 851 482 908 etsi
505 863 591 908 anam
612 862 678 929 post
701 851 775 910 enirn
798 851 883 911 ia'eile
902 852 1039 911 excidere
1057 863 1181 931 poterat.
1224 853 1277 912 Sed

207 933 327 994 dixisset
343 937 450 1015 potius,
469 945 500 994 nt
517 937 632 1014 opinor,
652 955 736 994 arram
756 938 891 1014 aliquem.
934 937 974 996 At
992 941 1069 997 eooi.
1089 937 1115 1014 ἕ.
1135 939 1203 996 112.
1230 939 1276 996 On.

207 1021 342 1100 bieyerns
360 1022 474 1080 confert
492 1020 518 1097 ἕ.
535 1018 607 1079 123.
626 1022 701 1080 daec
718 1024 793 1080 enim
810 1025 959 1100 supientia
976 1026 1101 1081 rnasi'rne
1120 1023 1276 1082 adhibenda

208 1108 360 1184 eloquenti
379 1115 432 1165 est.
477 1105 610 1166 Ceterum
628 1107 683 1166 bue
701 1107 828 1166 reicitur
846 1108 961 1181 Quintil.
980 1107 1035 1181 12,
1054 1111 1088 1182 1,
1109 1109 1233 1183 19,at.

640 1255 725 1319 Car.
759 1255 864 1320 XXX..

292 1361 319 1439 §-
338 1356 409 1422 102.
433 1365 469 1421 de
486 1362 583 1421 uerbis
600 1353 761 1421 interdicti.
807 1363 869 1436 Quo
887 1381 924 1421 ex
942 1363 1008 1442 lege
1027 1361 1063 1422 de
1082 1365 1109 1422 vi
1127 1363 1276 1422 bominibus

206 1450 322 1506 armatis
340 1447 491 1507 Dolabella
509 1457 627 1526 praetor
644 1446 847 1518 interdixerat,-
865 1459 896 1506 ut
913 1449 1069 1520 Aebutius,
1088 1448 1165 1508 uude
1183 1450 1276 1508 caeco

206 1547 268 1590 nom
296 1532 465 1602 deiecisset,
491 1549 527 1591 eo
555 1535 731 1591 restitueret.
757 1532 814 1590 vid.
843 1535 1001 1592 orationem
1028 1553 1080 1612 pro
1105 1535 1229 1592 Caecina
1254 1555 1275 1592 e.

205 1620 356 1694 ts-at.
393 1616 483 1676 Haud.
504 1639 527 1676 s.
546 1637 571 1676 v.
592 1617 696 1677 Cicero
719 1637 745 1696 p.
764 1617 854 1678 218²&
892 1618 1074 1678 interdictum
1094 1618 1130 1678 de
1149 1621 1176 1678 vi
1195 1620 1276 1677 bomi-

205 1703 286 1761 nibus
305 1705 419 1762 amastis
438 1703 563 1782 explieat
581 1703 642 1761 Cic.
661 1723 704 1782 pr.
724 1703 839 1762 Caesio.
860 1723 885 1762 c.
904 1705 958 1774 32,
978 1707 1029 1764 92.
1053 1707 1212 1782 dupliciter
1231 1707 1276 1763 lo-

205 1789 296 1847 miaes
322 1791 513 1858 deliciantur,
542 1799 596 1848 aut
618 1791 682 1847 sine
709 1791 821 1847 coactis
847 1793 1003 1847 armatisve
1029 1790 1206 1860 dommilus,
1232 1800 1278 1848 out

139 1861 146 1874 ’
200 1893 258 1951 per
285 1875 428 1932 eiusmodi
454 1875 599 1932 rationem
626 1881 659 1932 et
686 1875 751 1932 oria.
796 1875 850 1932 Aa
874 1877 947 1932 daos
973 1877 1128 1932 dissimiles
1152 1895 1202 1934 res
1227 1878 1274 1933 dan

205 1959 337 2016 diianeta
363 1959 523 2016 interdieta
548 1968 624 2016 sant.
668 1961 701 2017 Ia
730 1959 783 2016 illa
806 1961 837 2016 ai
857 1961 1030 2036 quotidiana
1052 1979 1112 2018 noa
1134 1963 1209 2018 satis
1230 1969 1274 2030 est,
1335 2001 1336 2030 ,

199 2063 287 2120 posse
306 2045 412 2101 docem
429 2064 461 2101 se
480 2046 635 2114 deiectam,
649 2045 719 2101 nisi
741 2045 895 2102 ostendere
913 2047 1023 2121 possit,
1048 2065 1132 2121 patiam
1152 2047 1274 2122 posside-

202 2137 263 2197 ret,
288 2138 346 2186 tam
365 2129 516 2187 deiectum.
561 2130 608 2188 Ne
631 2129 663 2187 id
684 2131 797 2206 quidem
819 2133 966 2199 scissem,
992 2131 1053 2188 nisi
1068 2131 1169 2200 docet,
1194 2133 1234 2189 ita
1248 2143 1274 2187 se

198 2213 377 2290 possedisse,
400 2223 436 2273 at
450 2234 505 2272 nec
522 2216 564 2285 vi,
587 2235 642 2274 nee
660 2216 749 2284 clam,
774 2235 828 2272 nec
845 2217 987 2291 precario
1001 2215 1179 2292 possederit.
1223 2218 1274 2273 lta·

202 2317 258 2375 pue
275 2300 308 2368 is,
329 2301 426 2376 quise
444 2302 606 2359 restituisse
624 2301 709 2370 debuit,
729 2319 838 2377 magna
855 2319 925 2357 uoce
941 2319 1030 2376 saepe
1045 2299 1185 2376 confiteri
1198 2302 1273 2368 solet,

133 2457 143 2468 ἱ
200 2403 232 2441 se
249 2387 281 2442 oi
296 2386 574 2457 dei'eet'sse5'aerrrm
594 2386 669 2444 illud
686 2387 784 2443 addit:
813 2383 888 2443 'Noa
902 2385 1083 2462 possidebat.
1122 2386 1273 2443 Valetium

201 2487 285 2546 paam
304 2470 359 2528 loe
377 2473 467 2547 ipsam
486 2471 643 2540 coacessit,
664 2471 759 2528 vincit
779 2479 874 2528 tamea
896 2472 1093 2546 sponsionem,
1116 2472 1147 2528 si
1160 2471 1273 2547 planam

190 2551 287 2630 fucit,
316 2554 353 2612 ab
375 2575 406 2612 se
429 2556 509 2612 illam
533 2557 650 2626 statui,
679 2565 734 2612 aut
752 2557 841 2626 clam,
869 2565 922 2612 aut
941 2557 1082 2632 precario
1106 2557 1272 2632 possedisse.

199 2638 243 2696 De
263 2639 317 2696 boc
337 2639 401 2697 loco
420 2660 447 2697 v.
467 2639 613 2697 Heinrich.
632 2638 667 2697 ud
687 2639 748 2698 tic.
769 2659 813 2697 or.¹
830 2659 881 2718 pro
900 2639 939 2696 bi.
958 2639 1049 2696 Tullio
1069 2639 1095 2714 ξ.
1114 2639 1166 2698 2οζ
1201 2640 1273 2698 Alte·

198 2735 259 2781 rum
278 2725 388 2782 illorum
408 2723 624 2782 interdictorum
641 2725 702 2782 cic.
722 2725 751 2781 in
770 2743 812 2782 or.
831 2731 883 2802 p'ro
902 2724 940 2782 Μ.
959 2723 1051 2782 Tullio
1071 2726 1097 2800 ς’.
1116 2728 1168 2783 44.
1189 2747 1215 2804 p.
1230 2725 1271 2783 st.

199 2806 244 2868 ed.
265 2808 297 2866 G.
317 2808 413 2868 Beier.
434 2811 581 2888 proposuit
605 2809 648 2868 bis
667 2809 778 2867 verbis:
825 2809 928 2867 UNDE
950 2807 999 2868 TU
1022 2805 1100 2884 Aut
1122 2806 1272 2868 beiibld

198 2893 274 2952 AUT
292 2893 541 2953 Paucunnron
555 2894 651 2955 TUUS
672 2893 788 2954 lLLUM
807 2893 887 2962 Aust
902 2893 1090 2953 anuntiant
1104 2893 1182 2954 AUT
1197 2893 1272 2953 Pna-

193 2979 428 3038 *cunctantia
448 2979 574 3039 lLLlUS
594 2979 635 3039 IN
654 2979 727 3038 HOC
747 2977 855 3038 ANNO
874 2980 915 3038 Vl
935 2979 1136 3038 ablactari.
1165 2980 1271 3039 Deinde

198 3067 319 3124 additur
337 3068 417 3125 illias
435 3069 492 3124 iam
510 3067 565 3125 liae
584 3085 686 3142 caasa,
711 3069 824 3143 quinam
843 3067 958 3141 agitur,
984 3065 1062 3124 CUM
1085 3063 1178 3134 iLLE
1197 3063 1272 3123 Pas-

198 3149 372 3224 SIDERET,
397 3162 428 3210 et
443 3153 498 3210 doc
517 3153 657 3228 amplias:
684 3149 785 3223 QUOD
809 3149 885 3208 NEC
909 3150 949 3208 Vi
972 3149 1048 3208 NEC
1073 3149 1180 3208 GLAM
1203 3147 1269 3208 Nat

198 3233 386 3294 pantania
418 3235 661 3294 Posstannnr.
706 3235 834 3294 Alterum
867 3235 915 3292 bis
949 3234 1013 3294 iere
1049 3235 1145 3293 verbis
1177 3235 1270 3294 elstan

197 3321 285 3380 inisse
311 3331 410 3399 putant
431 3322 484 3378 viri
508 3321 603 3378 haruin
628 3341 722 3379 rerunt
746 3321 957 3397 intelligentes:
995 3321 1031 3378 Si
1051 3323 1101 3378 cai
1117 3322 1185 3379 dolo
1203 3319 1270 3379 malo

196 3406 360 3464 horninibus
378 3409 500 3464 armatis
518 3409 664 3464 coactisve
683 3407 784 3464 durani
800 3407 871 3483 qaid
882 3403 1001 3482 santiani
1020 3421 1082 3464 esse
1100 3407 1229 3475 dicetur,
1246 3405 1270 3460 in

197 3509 276 3560 eam,
310 3491 363 3568 qai
391 3491 423 3547 id
443 3489 556 3566 secisse
588 3493 715 3560 dicebar,
748 3493 828 3548 abac
860 3508 980 3560 anostra,
1016 3511 1071 3568 pao
1105 3487 1274 3568 esperiandt'

193 3585 326 3654 potestas
343 3573 456 3652 faerit,
484 3577 514 3632 in
539 3576 749 3654 quadriplam,-
774 3578 1025 3652 pestanensem
1048 3577 1180 3642 simplam
1204 3573 1271 3634 radi-

196 3661 271 3718 eium
293 3661 381 3719 dabo.
425 3659 528 3718 Verbis
548 3663 628 3718 rutra
647 3679 753 3717 annum
773 3671 809 3717 et·
819 3670 893 3736 post
908 3679 1014 3719 auream
1034 3659 1115 3718 baius
1134 3655 1270 3718 interdicti

196 3743 266 3802 ladit
293 3745 397 3804 Cicero
421 3745 523 3824 Episa.
547 3745 642 3802 Fannii.
666 3746 720 3815 15,
745 3745 797 3802 16.
824 3743 888 3803 Vol.
914 3747 942 3804 5.
970 3765 997 3823 p.
1021 3747 1072 3804 (39.
1097 3745 1143 3803 ed.
1162 3743 1269 3803 Sebntz.

196 3831 261 3888 ioco
293 3831 485 3890 festivissima.
531 3829 688 3889 interdicto
716 3828 752 3889 de
778 3831 806 3888 vi
833 3831 948 3888 armatis
975 3830 1135 3889 bominibus
1161 3839 1269 3908 praetor

196 3935 391 3994 nonnunquam
410 3916 534 3974 addebat
552 3917 760 3993 exceptionem,
780 3926 811 3974 ut
829 3917 869 3973 ait
887 3915 947 3973 Cic.
967 3931 1021 3994 pro
1034 3915 1158 3998 Caena.
1178 3919 1205 3986 8,
1224 3913 1268 3970 23.

191 4011 318 4080 praetor
349 3989 517 4073 inteddinit,
554 4011 589 4060 ut
617 4012 662 4060 est
691 4001 893 4082 consuetodo,
920 3999 970 4058 DE
998 4001 1038 4060 Vl
1067 3993 1267 4070 nonianus

195 4085 378 4157 ARMATiS,
402 4089 465 4144 sine
489 4087 551 4145 alla
574 4089 760 4163 exceptione,
788 4093 911 4156 tantam,
940 4097 985 4156 at,
1013 4087 1091 4145 ande
1116 4087 1266 4148 deiecisset,

195 4176 374 4231 restitueret.
404 4171 472 4229 Eius
488 4173 667 4250 exceptionis
683 4171 801 4229 iornnulo
816 4181 894 4229 extat
910 4171 981 4248 apud
994 4172 1163 4230 Ciceronem
1174 4169 1266 4248 Epistt.

194 4257 230 4316 ud
249 4258 344 4333 Fannii.
364 4259 393 4331 7,
414 4257 463 4316 13.
483 4256 548 4328 vot.
568 4259 596 4314 2.
617 4277 644 4334 p.
664 4255 721 4314 311
745 4275 785 4334 sq.
805 4275 899 4333 neque
918 4267 974 4327 est,
996 4259 1075 4334 paud
1092 4259 1171 4315 illam
1190 4269 1265 4310 ruce-

191 4343 322 4424 ptionem
340 4345 370 4402 in
389 4344 546 4402 interdicto
561 4345 771 4422 pertimescas:
792 4339 893 4413 QUOD
910 4341 959 4400 TU
979 4339 1092 4401 PRIOR
1110 4338 1149 4401 vt
1169 4334 1264 4422 flunt-
