2672 4986
87 513 101 546 ,
366 479 459 533 555.
479 479 526 535 tx.
546 479 588 532 aa.
604 479 714 534 ’555
736 481 768 533 x.
784 483 825 536 aa.
848 489 852 497 ·
1074 482 1140 546 rua

68 653 196 724 referret,
217 664 245 712 ut
263 651 321 712 dixi
339 651 444 712 ibidem
463 674 491 712 5.
510 656 541 714 1.
567 651 604 713 Ut
621 665 732 714 taceam
756 673 826 733 opes
845 656 918 726 eius,
937 654 1137 715 auctoritatem

67 739 97 794 15
113 738 221 798 Thracia
240 750 297 798 etc.

143 843 232 902 neque
248 823 403 884 uentorum
419 855 463 870 -ι
478 828 667 903 grauitatem.
690 824 843 884 Lambinus
861 825 889 884 iu
908 827 983 884 uotis
994 827 1135 885 coniecit:

64 929 150 986 neque
173 910 326 968 uerborum
351 912 569 988 granditatem,
598 931 693 989 neque
714 913 925 970 iontentr'urum
945 914 1136 989 grmo'totem.

65 994 141 1065 Quasi
166 1015 220 1052 unu
248 996 332 1054 etiam
360 995 518 1053 verborum¹
535 994 672 1074 quaedam
697 997 823 1072 gravitas
846 997 898 1054 sit!
954 996 1025 1068 Quid
1049 998 1138 1074 igitur

65 1091 203 1155 opuscrnt
221 1082 404 1150 coniectura,
434 1079 536 1160 quidve
555 1099 618 1142 curu
638 1080 745 1140 Oreiiio
764 1097 883 1158 zeugma
901 1089 1043 1151 statuere,
1073 1101 1136 1142 curu

63 1163 307 1224 15115511151555
331 1161 527 1224 5555555515
550 1164 677 1236 dicatur,
708 1182 790 1245 quam
812 1167 965 1224 vernacule
984 1167 1055 1226 hoo:
1086 1165 1136 1230 das

63 1247 227 1326 Geuichtige
246 1252 274 1308 iu
294 1251 418 1308 Wurteu
437 1249 494 1308 uud
513 1249 679 1309 Gedaukeu.

136 1336 236 1395 mutilo
256 1337 410 1412 quaedum.
434 1332 533 1394 Mutila
549 1335 619 1394 dicit
637 1337 754 1406 minuta,
776 1335 1039 1420 concisumembra,
1053 1348 1134 1396 certe

62 1421 209 1478 orationem
233 1441 290 1477 non
314 1420 384 1479 orbe
403 1420 599 1480 terminatam:
627 1441 690 1479 uam
711 1421 787 1480 orbis
806 1432 836 1482 et
852 1422 906 1499 ipsi
924 1421 1023 1480 horum
1042 1423 1134 1480 inrita-

60 1503 142 1562 toruir
165 1505 320 1584 exenrpiari
344 1505 459 1576 deerat,
488 1505 583 1565 iudiee
602 1508 664 1585 ipsu
684 1507 841 1578 Cicerone,
871 1508 917 1585 qui
936 1507 1039 1566 nulium
1058 1505 1134 1570 51151

61 1601 243 1648 ornamentum
265 1592 294 1650 ei
317 1609 373 1650 nou
396 1591 509 1663 tribuit,
539 1591 637 1651 orbem
660 1591 745 1651 modo
767 1593 795 1650 iu
814 1611 850 1652 eu
869 1591 1028 1654 desiderari
1047 1592 1135 1653 docet

60 1694 84 1730 c.
105 1676 150 1744 71,
169 1678 243 1736 134.
385 1741 388 1746 ,
618 1675 621 1682 “
1123 1719 1126 1732 .

134 1762 258 1824 ln'nntiu.
280 1761 350 1834 Quia
359 1760 552 1840 Thucydides,
573 1781 655 1842 quem
673 1763 864 1833 imitabantur,
885 1781 921 1821 ue
940 1763 1001 1842 ipse
1020 1761 1132 1842 quidem

53 1843 139 1923 [verba
162 1847 257 1906 verbis
284 1849 512 1925 coagnrcntavitq
542 1858 573 1908 et
598 1849 700 1906 muitos
722 1859 853 1926 tauquam
877 1848 968 1907 hiatus
991 1867 1133 1928 concursu

59 1931 184 1990 vocalium
210 1933 309 2002 15551,
338 1943 369 1990 51
387 1932 475 1990 15551
491 1943 594 1991 auctor
611 1935 685 1991 inira
704 1953 732 1991 e.
752 1937 809 2003 44,
839 1935 911 1992 151.
930 1933 1076 1992 Victorius
1095 1934 1131 1991 V.

58 2013 90 2070 L.
111 2019 148 2088 ’4,
177 2021 226 2076 10.
255 2038 316 2076 cum
340 2018 395 2076 hoe
420 2018 485 2075 ioco
508 2019 623 2076 confert
645 2018 811 2098 Dionysium
831 2018 895 2078 Hui.
917 2017 1006 2077 ludio.
1026 2018 1062 2078 15
1081 2019 1133 2076 01-

58 2101 146 2160 uaroh.
167 2121 194 2160 c.
216 2105 248 2162 8.
269 2103 336 2160 Voi.
357 2105 387 2162 5.
408 2123 435 2181 p.
455 2104 529 2174 645,
550 2104 579 2164 5.
599 2104 698 2162 115151.
1103 2109 1107 2120 ’

136 2189 330 2265 Thucydidem
363 2187 443 2250 Eius.
479 2186 529 2246 Dr.
562 2188 660 2248 Lamh.
692 2189 769 2247 Vict.
797 2187 894 2247 Rivius
922 2190 1072 2267 Castigatt.
1102 2191 1131 2248 in

58 2269 114 2328 Cic.
137 2272 212 2332 Orat.
239 2273 341 2344 (Basii.
363 2275 462 2345 1541)
481 2294 511 2351 p.
531 2275 605 2332 917.
626 2271 786 2350 provocans
805 2272 839 2331 51
860 2273 958 2331 iiirrum
977 2285 1128 2348 vetustum,

58 2355 193 2416 Ferrarius
216 2359 243 2416 iu
268 2357 388 2437 Phittpp.
414 2360 466 2417 11.
493 2357 798 2436 (153155155215.
820 2360 912 2430 128„
940 2359 1007 2418 item
1027 2379 1132 2437 provo-

58 2443 173 2500 caused
195 2441 284 2502 libros
306 2445 448 2524 antiquos.
475 2445 630 2524 tucydidos
645 2443 704 2502 Vit.
723 2454 798 2502 teste
816 2442 952 2523 Meyero,
986 2445 1131 2522 Thucydi-

59 2527 104 2584 doe
120 2539 190 2587 teste
208 2527 277 2587 Ero.
302 2531 478 2606 Thucydidis
495 2529 570 2592 Veu.
592 2532 622 2587 1.
644 2532 675 2587 2.
695 2529 775 2588 Med.
794 2529 857 2588 Tul.
879 2529 951 2614 lunt.
965 2527 1034 2588 Ald.
1052 2530 1130 2588 Crat.

59 2609 153 2690 Grqqah.
172 2617 212 2684 1.,
234 2613 309 2692 quud
328 2616 422 2692 piacet
440 2614 576 2672 Fischero
595 2613 631 2674 ad
650 2613 762 2673 Pluton.
783 2613 928 2673 Phaedoni
948 2633 975 2673 c.
997 2615 1048 2674 57.
1061 2615 1129 2688 37.,

58 2715 148 2775 nempe
175 2700 229 2757 hoc
252 2719 352 2771 sensu,
379 2710 412 2757 ¹ut
434 2719 489 2760 nou
514 2698 646 2758 dieantur
667 2711 781 2778 putasse
804 2719 835 2759 se
854 2701 959 2758 iratres
978 2719 1131 2778 germanos

57 2778 219 2862 Thucydidis
239 2799 322 2855 esse,
340 2783 391 2843 sed
409 2787 486 2862 ipsos
504 2785 701 2866 Thucydidas,
722 2797 752 2843 ut
771 2805 797 2843 c.
819 2787 871 2855 26,
892 2787 933 2844 00
952 2797 997 2844 551
1011 2805 1131 2863 germu-

57 2869 86 2922 u·
106 2873 211 2928 Attici.
274 2869 315 2927 At
338 2874 479 2947 germani
506 2871 683 2947 Thucydidis
709 2891 765 2928 nou
793 2871 840 2927 alii
868 2881 965 2928 esseut
991 2873 1045 2928 uisi
1072 2872 1126 2928 ira-

58 2958 109 3010 tres
125 2957 195 3013 eius.

132 3025 264 3098 Ceterum
290 3037 327 3099 ad
352 3037 408 3099 hue
436 3051 520 3122 caput
548 3039 679 3099 05515515
705 3041 832 3120 pertinet
859 3040 938 3098 iocus
965 3039 1128 3114 Quintiliani

59 3121 101 3193 10,
120 3127 148 3196 1,
168 3127 219 3190 33.

509 3277 593 3337 Cen.
624 3279 661 3337 X.

131 3381 156 3456 ξ.
180 3383 233 3440 33.
259 3391 289 3440 51
311 3384 411 3440 endem
435 3381 603 3458 eloquentia
626 3379 853 3458 insermendum.
888 3381 950 3439 Hoc
973 3392 1035 3451 est,
1062 3401 1128 3458 per-

59 3458 214 3538 fect-issima,
241 3468 287 3525 cui
305 3487 360 3524 uec
379 3457 457 3526 desit
472 3465 636 3545 quidquam,
662 3487 716 3526 nee
735 3465 800 3526 addi
819 3469 919 3546 possit.
966 3467 1024 3524 Cur
1042 3468 1129 3544 igitur

60 3541 117 3604 Ero.
138 3553 266 3630 scripsit:
293 3553 431 3623 „Eadem
452 3552 531 3610 nihili
555 3558 643 3611 estt“
690 3552 842 3632 Perpennus
866 3552 941 3611 idem
965 3553 1050 3610 scribi
1070 3554 1129 3610 ruit

59 3647 87 3685 11
112 3636 216 3698 dentum
244 3639 429 3714 eloquentia,
463 3635 569 3696 511555
596 3639 652 3696 5115
679 3639 760 3697 55155
788 3639 970 3716 corruptelae
998 3639 1128 3714 exempla

60 3729 127 3788 esse,
155 3732 184 3778 et
205 3723 336 3780 similiter
358 3723 507 3800 corrigere
526 3721 705 3782 Perinouitrm
724 3723 796 3802 apud
816 3723 999 3791 11515532,
1029 3725 1080 3780 14.
1100 3724 1126 3783 15

59 3793 208 3865 15155155.
227 3808 328 3865 histor.
350 3827 378 3885 p.
399 3809 450 3866 65.
494 3805 535 3866 At
552 3799 661 3867 demunt
680 3811 703 3866 si
723 3810 848 3884 scriptor
864 3808 1017 3877 voluisset,
1046 3809 1127 3866 simui

60 3899 112 3942 nun
137 3893 262 3951 scribere
286 3891 424 3963 debebat,
452 3902 484 3950 51
506 3903 598 3951 555515
628 3903 660 3950 et
679 3910 741 3950 eune
764 3895 872 3950 1551555
897 3911 932 3952 55
960 3894 1128 3970 eloquentia
1205 3917 1216 3930 -

59 3967 267 4042 t'ttforrnundurn

131 4061 291 4138 ingenium,
314 4063 424 4120 studio.
455 4060 552 4120 Latuit
569 4062 749 4132 Brewerum,
774 4064 820 4140 qui
840 4064 997 4121 conuertit:
1023 4061 1125 4120 deiucu

61 4133 218 4217 11551155,
247 4147 332 4206 15155
352 4144 488 4214 Studien,
519 4141 573 4223 quo
592 4148 664 4204 haee
683 4165 765 4206 seusu
785 4150 879 4206 iuncta
899 4157 1005 4206 esseut.
1051 4145 1127 4209 Vide

62 4219 103 4293 ¹52
120 4229 168 4288 48.
188 4235 340 4308 Ingenium
358 4251 375 4291 5
393 4232 504 4289 virtutis
522 4231 618 4310 indute
637 4229 819 4310 distinguitur
836 4236 887 4306 13,
906 4236 959 4291 41.
980 4231 1044 4290 Bur.

133 4319 533 4378 5555551515-5555155
559 4317 631 4376 Vena
651 4329 825 4396 gestrcngen
845 4319 885 4378 W
888 4337 955 4378 eseu
976 4315 1127 4374 115555155-
