2764 4978
978 349 990 410 l.

144 517 148 528 .
204 463 249 546 uo
645 445 840 520 onsr‘oo

203 635 293 732 quod
308 635 447 708 edocmo
463 633 559 707 luins
576 634 784 706 nutrimentis
805 634 994 731 eloquentia
1014 633 1087 730 ipsa
1110 659 1147 705 se
1168 642 1289 730 postea

148 753 152 760 “
203 737 331 810 colorat
356 747 389 808 et
413 737 563 828 roborat,
593 737 829 809 nonalienum
854 735 919 807 luit
947 734 988 807 de
1017 736 1158 806 oratoris
1188 737 1288 831 quasi

204 841 414 934 incunabulis
436 839 558 911 dicore.
600 833 729 911 Ver'um
745 839 828 910 laco
844 837 995 908 ludornui
1013 846 1111 932 otqoe
1128 863 1287 935 qmrnpaez

203 968 265 1016 uos
283 949 390 1012 autom
408 942 472 1010 iam
490 941 525 1013 in
543 941 648 1012 aciem
665 941 971 1034 dimicationemque
987 941 1170 1026 veniamus,

304 1041 415 1114 XIII.
467 1043 632 1134 Quoniam
661 1043 727 1114 tria
755 1041 895 1114 videnda
924 1041 1171 1132 summatem,
1205 1041 1288 1137 qnid

158 1147 312 1237 sedicet,
334 1154 448 1241 etque
466 1146 608 1241 quidque
624 1143 715 1237 loco,
726 1153 771 1222 et
787 1143 964 1239 quomod03
985 1144 1158 1216 dicendum
1176 1145 1289 1216 omni-

205 1273 249 1336 no
267 1257 333 1340 est,
351 1248 430 1344 qnid
446 1248 490 1318 sit
507 1248 665 1344 optirnmn
681 1247 717 1318 in
734 1247 889 1342 singolis,
912 1246 970 1318 sed
987 1247 1156 1341 aliquanto
1174 1271 1287 1338 secus,
1373 1333 1374 1344 ἵ

196 1347 303 1446 ‘utrque
320 1351 356 1422 in
372 1349 531 1421 tradenda
549 1357 620 1421 arte
638 1348 704 1420 dici
720 1349 817 1420 solet.
863 1347 968 1419 Nulla
984 1356 1162 1444 praecepta
1177 1372 1288 1444 pone·
1373 1355 1374 1402 l

203 1479 289 1545 mos,
308 1452 431 1547 (neque
449 1452 535 1523 enim
551 1450 585 1521 id
602 1447 823 1547 suscepimus)
840 1450 900 1522 sed
912 1451 1107 1522 excellentis
1124 1451 1288 1547 eloquen-
1373 1463 1374 1504 l

203 1556 271 1626 tiae
288 1554 432 1650 speciem
449 1563 482 1624 ct
498 1554 636 1624 lornrmn
654 1553 934 1624 nournoraoimus:
952 1575 1030 1644 neo,
1048 1551 1167 1647 quilius
1184 1554 1287 1624 rebus

205 1664 421 1752 caperetur,
447 1681 663 1751 exponemus,
690 1651 749 1726 sed
774 1655 881 1750 qualis
907 1655 1002 1726 nolis
1028 1679 1101 1726 esse
1121 1655 1288 1726 videatur.

158 1759 263 1831 ⁴le
285 1759 349 1830 duo
370 1758 513 1829 breuiter
534 1759 650 1852 prima.
702 1755 791 1829 Sunt
807 1758 894 1828 enim
912 1781 979 1828 non
996 1765 1062 1827 tom
1079 1756 1226 1852 insignia
1244 1757 1289 1828 ad
1373 1769 1374 1810 t

119 1865 132 1878 “
203 1861 381 1932 roaximarn
400 1860 532 1932 laudem
553 1883 651 1956 quam
673 1859 860 1932 necessaria
881 1867 1046 1930 ettamen
1070 1884 1146 1930 cum
1171 1860 1288 1931 multis
1373 1873 1374 1914 t

184 1975 310 2060 'paene
331 1953 529 2036 communia.
649 2016 654 2020 -
962 1993 965 1996 ·
1373 1993 1374 2000 ¹

303 2064 392 2137 Nam
408 2074 442 2136 et
458 2064 605 2156 invenire
623 2073 656 2136 et
673 2064 835 2154 iudicare,
858 2063 936 2159 quill
953 2063 1060 2154 dicas,
1083 2087 1204 2159 magna
1224 2063 1287 2134 illa
1373 2081 1374 2092 ¹

203 2167 334 2264 quidem
350 2173 479 2240 suntet
496 2177 650 2262 tanquam
668 2166 769 2238 anirni
786 2166 891 2236 instar
908 2167 942 2236 in
960 2191 1115 2262 coquom,
1128 2164 1186 2237 sed
1204 2191 1286 2262 pro-
1373 2195 1374 2218 ¹

202 2269 277 2366 pria
297 2270 402 2366 inagis
427 2269 621 2366 prudentiae
648 2274 745 2363 quanin
772 2268 994 2363 eloquentiae:
1021 2292 1087 2363 qua
1112 2277 1224 2340 minen
1249 2269 1285 2339 in
1373 2285 1374 2324 ὲ

202 2396 305 2444 cansa
330 2381 392 2444 est=
406 2395 510 2442 vacuo
534 2369 735 2466 prudentia?
786 2369 925 2442 Noverit
949 2370 1051 2466 igitur
1075 2371 1130 2441 lie
1152 2370 1285 2466 quidem
1373 2391 1374 2416 o

82 2545 87 2553 ,
204 2483 331 2565 orator,
357 2499 453 2570 quem
479 2499 639 2544 smmnum
665 2499 738 2546 esse
764 2474 928 2563 uidemus,
958 2481 1225 2567 argomentormn
1252 2481 1286 2544 et

156 2578 370 2647 locationum
394 2576 497 2655 locos.
548 2574 636 2647 Nam
665 2575 836 2669 quoniam,
867 2573 1023 2671 quidquid
1052 2583 1102 2646 est
1131 2575 1220 2671 qnod
1248 2575 1285 2646 in

121 2707 123 2712 ·
202 2677 427 2750 controuersia
444 2687 501 2748 aot
517 2677 551 2750 iu
569 2677 779 2748 contentione
797 2685 961 2767 versetur,
982 2677 1017 2770 in
1035 2701 1075 2748 eo
1092 2686 1165 2766 aut,
1183 2677 1284 2762 sitne,

202 2789 276 2872 orit,
295 2780 373 2874 qnid
390 2781 448 2870 sit,
467 2788 539 2870 aut,
557 2779 654 2875 quale
671 2779 730 2870 sit,
749 2773 929 2875 qrraeritnr,
946 2780 1048 2869 sitne,
1066 2779 1187 2874 signis3
1205 2777 1285 2875 qnid
1373 2799 1374 2802 ’

200 2884 261 2974 sit,
279 2881 538 2974 delmitionibus3
556 2881 654 2977 quale
671 2883 730 2973 sit,
748 2881 832 2952 recti
848 2881 1006 2977 pravique
1023 2881 1188 2977 partibus:
1207 2880 1285 2977 qui-

201 2986 264 3058 bos
286 2993 323 3056 ut
343 2985 392 3055 oti
414 2985 518 3082 possit
540 2992 666 3075 orator,
689 3009 756 3055 non
778 2983 836 3055 ille
858 2983 1000 3078 volgaris
1021 2982 1081 3054 sed
1097 2983 1152 3054 lric
1167 2983 1285 3054 excel-

200 3087 290 3179 lens,
313 3087 492 3183 aproquiis
509 3086 659 3182 personis
677 3094 711 3158 et
726 3085 928 3182 temporibus
945 3109 1090 3182 semper,
1111 3085 1141 3156 si
1162 3092 1292 3180 potest,

202 3199 319 3260 auocat
343 3189 609 3260 controversiam.
660 3185 791 3260 Latius.
810 3187 898 3260 euim
919 3187 959 3260 de
979 3211 1101 3283 genere
1122 3211 1220 3282 quem
1242 3186 1283 3257 de

151 3285 156 3295 ¹
201 3299 296 3387 parte
314 3291 498 3386 disceptare
516 3291 615 3362 licet:
639 3299 691 3381 ut,
710 3291 797 3387 quod
813 3289 848 3361 in
865 3291 1017 3362 universo
1035 3289 1080 3362 sit
1095 3290 1298 3386 probatum*

200 3392 235 3463 id
253 3394 398 3489 inpacto
416 3393 460 3463 sit
477 3393 611 3487 qrrobari
629 3415 776 3464 necesse.

303 3492 410 3595 XIV.
461 3494 558 3566 Ilaeo
579 3495 682 3590 igitur
702 3494 851 3588 quaestio
872 3517 894 3564 o
913 3493 1056 3590 propriis
1076 3492 1227 3590 personis
1249 3499 1283 3564 et

155 3605 196 3665 46
205 3598 407 3693 temporibus
428 3597 470 3668 ad
492 3597 635 3668 universi
652 3596 783 3691 generis
801 3596 981 3668 orationem
998 3595 1149 3667 traducta
1166 3595 1283 3692 appel·

200 3700 292 3770 latur
322 3705 452 3784 deone·
489 3697 534 3770 ln
564 3699 627 3770 liae
652 3697 851 3770 Aristoteles
885 3698 1104 3768 adolescentis
1139 3720 1219 3768 non·
1240 3695 1281 3768 ad

200 3801 468 3897 philosophorum
490 3825 612 3888 rnorem
633 3800 777 3873 tenuiter
798 3798 995 3889 disserendi,
1018 3800 1077 3870 sed
1093 3799 1136 3870 ad
1153 3799 1282 3894 copiam

200 3903 369 3974 rhetorum
391 3903 425 3974 in
445 3911 617 3998 utramque
637 3909 765 3999 partem
786 3913 823 3972 ut
843 3901 992 3974 oinatius
1010 3912 1043 3974 et
1063 3901 1201 3994 uberius·
1215 3899 1280 3972 diei

199 4013 328 4100 posset,
351 4005 519 4076 exeruerit:
542 4005 692 4100 idemque
708 4004 801 4076 locos
819 4002 886 4096 (sie
902 4004 989 4076 enim
1006 4003 1169 4100 appellat)
1187 4001 1280 4099 quasi

198 4115 469 4202 argornentorum
499 4115 594 4177 notas
624 4106 774 4197 tradidit,
804 4105 891 4178 udde
917 4106 1022 4178 ononis
1048 4105 1084 4176 in
1110 4113 1280 4200 utramque

153 4225 195 4284 4⁷
205 4217 330 4304 pattena
348 4208 534 4280 traheretur
550 4209 668 4280 oratio.
720 4207 837 4282 Facile
858 4208 960 4304 igitur
976 4207 1031 4278 trio
1048 4215 1175 4297 noster,
1198 4207 1278 4298 (non
1357 4267 1359 4274 .

128 4377 133 4389 .
198 4310 286 4382 cuim
308 4310 561 4384 declamatorem
584 4311 726 4406 aliquem
744 4310 784 4383 de
802 4310 879 4384 ludo
897 4318 953 4382 aot
971 4308 1120 4380 ralmlam
1138 4309 1179 4382 de
1196 4309 1278 4398 loro,
