2746 4994
227 521 298 588 590
390 519 649 574 COMMENTARII
671 519 710 572 ΙΝ
729 516 922 574 CICERONIS
940 516 1149 570 ORATOREM.

227 685 382 772 ilidemque
399 691 573 752 Aristotcles
591 690 628 750 A.
638 689 692 754 llb.
702 693 733 764 3,
742 694 783 763 9.,
802 691 984 770 praecipiens
1002 701 1034 748 ut
1050 688 1183 769 periodus
1199 687 1282 748 habeat

225 783 348 860 μέγεθος
364 774 545 842 εὐσύνοπτον.
580 775 664 838 Adde
682 788 829 838 auctorem
847 775 884 836 ad
902 777 1028 836 Herenu.
1038 781 1068 848 4,
1084 779 1133 850 19,
1143 775 1190 834 27.
1225 777 1282 833 Cou-

1337 63 1339 112 t

1338 519 1339 604 l

228 867 353 924 tinuatio
383 864 436 937 (sic
464 865 537 924 enim
565 862 713 942 periodum
740 863 873 944 appellat)
903 873 948 922 est
977 864 1068 924 aerea
1099 872 1130 922 et
1154 863 1283 920 coutimta
1339 903 1340 906 ,

218 947 426 1027 frequentatio
458 949 610 1020 cerdonem
643 944 705 1008 cum
733 949 917 1008 absolutionc
943 950 1163 1006 sententiarum.
1196 945 1282 1004 Verum

226 1036 303 1092 inter
327 1033 512 1092 Aristotelem
539 1034 821 1112 Theophrastumque
848 1035 877 1092 iu
905 1031 1065 1092 delinienda
1097 1029 1212 1110 periodo
1231 1051 1283 1090 cuu

227 1120 369 1178 Cicerone
388 1119 443 1178 hoc
463 1121 592 1190 interest,
611 1119 686 1200 quod
705 1121 745 1177 illi
764 1130 869 1178 tantum
889 1119 1096 1178 absolutionem
1116 1115 1225 1196 periodi
1233 1137 1283 1194 syn-

225 1206 373 1276 tacticam‚
394 1206 498 1264 Cicero
517 1215 610 1263 autem
629 1216 781 1282 praetcrea
798 1203 983 1284 rhythmicam
1004 1222 1069 1261 esse
1087 1204 1158 1274 vult,
1180 1213 1208 1262 ut
1223 1212 1283 1280 patet

226 1309 264 1354 ex
282 1310 307 1348 c.
326 1291 377 1362 68,
396 1292 468 1350 228.
504 1293 588 1350 Hunc
606 1293 700 1368 igitm
717 1324 759 1334 —
777 1291 1013 1368 compositionem
1032 1289 1172 1346 addibcrc
1189 1306 1282 1346 neccsse

226 1386 283 1446 est,
301 1378 331 1436 si
346 1386 452 1434 ornate
474 1377 678 1450 valedicere,
702 1396 760 1438 aaa
777 1377 882 1448 solam,
909 1376 1005 1454 (quod
1021 1377 1067 1431 ait
1081 1373 1250 1434 Aristotcles
1263 1381 1285 1430 ct

230 1462 478 1538 Theophrastus),
498 1481 535 1519 nc
553 1459 668 1540 infinite
676 1457 815 1540 seratur,
835 1461 1004 1540 historica,
1024 1462 1137 1530 oratio,
1157 1478 1225 1536 puae
1240 1476 1282 1514 nou

226 1557 280 1606 aut
299 1548 411 1624 spirim
426 1547 672 1622 pronuntiantis„
693 1556 748 1606 aet
766 1547 934 1605 interductu
958 1544 1090 1624 librarii,
1114 1545 1168 1602 scd
1187 1561 1282 1602 carrera

225 1641 330 1690 coacta
359 1630 460 1698 (durch
488 1630 534 1689 die
557 1629 761 1708 Forderuugen
791 1630 841 1689 des
860 1629 1016 1709 llhythmns
1035 1630 1196 1708 genethigt)
1219 1627 1285 1685 delet

225 1719 385 1776 thsmtcrcr.
406 1736 504 1776 acrum
532 1719 618 1775 etiam
647 1717 726 1794 qnod
750 1719 839 1778 cantito
862 1717 1001 1776 ruaiorcm
1025 1713 1137 1773 habent
1154 1724 1220 1792 apta
1235 1714 1282 1782 viru,

225 1821 310 1880 qaam
327 1803 435 1859 soluta.
471 1799 573 1880 Neque
596 1802 623 1858 iu
643 1800 808 1888 Aristptelis
831 1799 997 1862 delinitione
1019 1799 1133 1880 periodi
1151 1799 1186 1862 Α.
1204 1797 1248 1862 hb.
1263 1797 1282 1868 3,

224 1887 256 1945 9.
275 1906 408 1946 numerus
427 1897 675 1946 commemoratur.

311 2005 338 2081 l·
356 2007 429 2064 ²00·
464 2005 555 2064 amba
577 2015 765 2068 canetawat.
803 2004 864 2068 lloc
891 2016 950 2076 est,
978 2007 1007 2064 in
1033 2015 1158 2066 mentem
1181 2005 1282 2064 veninat
1340 2001 1341 2074 i

225 2087 295 2150 Ean.
333 2088 440 2150 Similis
458 2100 503 2150 est
519 2109 586 2151 usus
605 2091 667 2152 olas
685 2091 765 2156 verbi
784 2090 858 2169 apud
878 2091 977 2152 llomt.
995 2091 1100 2170 Epistt.
1120 2094 1150 2162 2,
1169 2093 1196 2163 1,
1213 2089 1281 2148 tot:
1340 2087 1341 2106 ¹

522 2227 565 2238 -
582 2196 737 2252 concurrit
751 2196 877 2252 dextera
895 2195 998 2252 laevae

225 2290 272 2354 die
291 2288 402 2354 Re'chte
421 2295 472 2354 eilt
489 2295 561 2354 uach
581 2293 634 2354 der
651 2294 777 2366 Liuhen‚
801 2295 934 2354 schliesbt
951 2295 1012 2354 sich
1031 2315 1066 2354 au
1085 2294 1134 2355 die
1152 2294 1236 2354 Linlre
1250 2311 1283 2350 au.

225 2377 286 2438 Sed
304 2390 398 2439 tamea
422 2381 468 2440 hic
488 2391 532 2439 ost
550 2381 664 2439 multum
681 2380 811 2440 diversus
829 2401 909 2451 usus,
930 2379 965 2439 de
985 2401 1040 2460 qno
1058 2380 1116 2439 rid.
1136 2383 1283 2458 interpretes

225 2463 261 2528 ad
282 2465 373 2524 Tacit.
396 2463 500 2524 Auraei.
520 2468 574 2536 14,
595 2469 644 2525 54.
682 2465 830 2526 Praesenti
856 2465 922 2525 loco
949 2467 1098 2524 translatio
1127 2469 1201 2524 lacta
1224 2473 1283 2522 esta

225 2552 330 2621 servis,
360 2553 406 2629 qui
425 2553 495 2610 hero
514 2563 637 2610 vocante
656 2549 692 2610 ad
711 2571 773 2612 eum
794 2553 959 2623 convolant,
989 2563 1018 2610 et
1041 2551 1109 2612 inde
1134 2551 1284 2610 dimittuntur

226 2634 262 2694 ad
289 2656 367 2694 suum
395 2637 511 2714 quisque
542 2638 736 2696 ministerium.
775 2638 857 2696 Conl.
886 2637 1003 2710 Quintil.
1027 2641 1056 2697 8.
1083 2657 1211 2716 prooem.
1230 2635 1281 2693 tlt:

225 2721 262 2780 Si
274 2733 460 2798 praeparata
479 2725 522 2780 ve
540 2719 779 2800 dt'ccndisaerit,
804 2723 916 2796 (verbu)
936 2733 1026 2782 erunt
1041 2727 1071 2784 io
1091 2722 1196 2799 officio,
1212 2723 1247 2779 sic
1261 2725 1285 2774 at
1341 2719 1342 2796 l

225 2825 284 2869 aaa
308 2807 348 2869 ad
368 2809 512 2884 reputatio
534 2809 728 2885 respondere,
751 2810 804 2870 sed
820 2817 852 2868 ul
868 2828 983 2886 semper
999 2809 1135 2868 sensibus
1152 2809 1281 2867 autumn

224 2893 390 2963 uideuatur,
409 2903 498 2970 atque
515 2904 550 2952 ut
565 2894 667 2952 umbra
685 2913 792 2971 cerpus
808 2896 899 2973 sequi.
915 2896 965 2964 10,
980 2895 1010 2964 3,
1025 2895 1055 2954 9.
1090 2895 1169 2979 Naar
1182 2893 1283 2971 priorum

225 2977 544 3049 innocentianam,
572 2981 628 3045 ‚doc
646 2979 833 3038 uomendum
857 2989 914 3050 cst,
942 2989 976 3038 at
996 2998 1081 3056 paam
1104 2982 1209 3056 optume
1227 2973 1283 3034 rcri-

226 3061 341 3125 bamus:
365 3065 546 3125 celeritatem
569 3065 655 3124 dabit
674 3066 861 3126 consuetudo.
897 3065 1044 3126 Paulatim
1065 3083 1115 3122 rea
1128 3061 1246 3141 sacchin
1261 3075 1282 3115 tt

226 3149 393 3219 ostendent,
417 3149 508 3210 cerda
529 3151 760 3227 respondebant,
784 3144 952 3228 compositio
966 3159 1181 3227 prosequetur.-
1199 3151 1283 3207 cuncto

225 3231 364 3312 denique,
378 3243 419 3328 pt
434 3237 464 3300 aa
473 3231 598 3312 familia
617 3236 689 3296 heac
707 3238 857 3306 institute,
876 3238 907 3298 ia
924 3233 1025 3312 officio·
1040 3244 1136 3293 eram.

311 3351 337 3426 §-
356 3353 427 3410 201.
465 3356 600 3414 cstcnim
624 3357 654 3413 in
673 3365 806 3432 atroque.
844 3353 905 3412 lloc
929 3365 986 3426 est,
1016 3351 1090 3412 deun
1115 3373 1146 3411 es
1169 3351 1214 3412 hat
1229 3341 1282 3425 jede

224 3455 279 3492 von
298 3434 401 3493 beiden
421 3437 583 3516 Gattuugeu
605 3444 761 3517 (atroque)
782 3440 863 3497 ihren
882 3438 1142 3516 cigenthttmlichen
1158 3435 1230 3496 Stoa
1240 3425 1283 3489 aad

225 3520 288 3580 ihre
314 3520 554 3597 elgenthdmliche
578 3523 773 3602 Behandlaug.
809 3525 860 3583 llls
882 3525 978 3583 verbis
1002 3525 1169 3603 explicatur,
1188 3527 1283 3600 praeter

118 3663 121 3670 ,
224 3623 369 3664 numerum
397 3607 482 3665 etiam
509 3609 619 3687 reliqua
650 3619 816 3668 ornamenta
846 3612 979 3688 poeticae
1011 3621 1041 3668 et
1071 3608 1194 3671 orationi
1223 3619 1283 3662 cou-

224 3691 318 3749 munia
336 3710 410 3751 esse.

316 3770 493 3836 renai-
509 3789 626 3857 partes.
665 3780 838 3840 Verborum.
861 3779 1121 3859 interpunctionem
1144 3769 1283 3836 emendavit

224 3859 390 3932 sciuntur,
419 3875 485 3922 ante
514 3883 594 3944 quem
618 3865 689 3924 baec
713 3865 875 3926 obtinebat:
918 3869 1033 3925 Ternac
1053 3898 1096 3910 --
1113 3873 1215 3943 parter
1233 3873 1283 3916 ocr-

225 3947 341 4006 borcmc
367 3949 551 4010 Thoaslatum
570 3961 627 4009 etc.

309 4053 469 4128 atriuspec.
489 4051 515 4110 b.
536 4072 564 4110 e.
585 4054 613 4110 iu
633 4052 685 4111 der
701 4053 789 4112 Wahl
808 4052 860 4112 der
872 4053 996 4114 Wartcr
1016 4053 1156 4128 (materia)
1175 4045 1226 4108 und
1243 4041 1283 4100 dtr

223 4134 436 4213 Wortstellung
455 4137 683 4212 (collocatione).

310 4275 382 4332 qaae
400 4255 535 4314 diacthtas.
555 4275 580 4314 c.
599 4259 651 4328 44,
671 4260 742 4318 149.

308 4356 333 4431 §·
354 4358 424 4418 2112.
462 4359 491 4414 ic
510 4366 644 4436 atroque.
667 4360 696 4418 in
714 4360 859 4426 verbicet
874 4359 1006 4438 legendis
1025 4371 1055 4420 ct
1074 4351 1246 4420 collocandis.
