2764 4978
463 839 879 946 INDEX

226 1013 651 1102 einnonem
693 1013 1124 1125 morannum

127 1159 257 1247 Ques
296 1159 405 1226 IlllD.
445 1159 752 1252 TURICENSES
789 1157 1145 1232 ADHIBUERUNT
1184 1162 1216 1228 A

494 1279 550 1354 SE
590 1277 857 1354 COLLATOM

130 1437 282 1514 (Veni.)
305 1431 347 1495 M.
370 1435 405 1496 T.
432 1427 581 1496 Ciceronis
603 1433 647 1496 De
672 1435 805 1502 Oratore,
852 1437 896 1496 De
918 1437 1053 1498 Perlecto
1076 1439 1213 1500 Oratore.

234 1522 371 1601 Topica..
388 1519 572 1582 Partitiones.
610 1521 654 1588 De
678 1523 763 1584 elaris
782 1523 960 1615 Oratoribus.
1003 1521 1046 1584 De
1070 1523 1213 1585 Petilione

235 1609 410 1666 consulatus.
448 1606 492 1666 lle
515 1609 621 1686 optimo
640 1627 751 1686 genere
770 1607 931 1674 Oratorem.
970 1607 1100 1672 Universi
1119 1610 1215 1686 operis

236 1710 299 1768 finis
315 1729 368 1788 per
382 1709 610 1776 Bartholomeum
633 1693 852 1770 Alexadrinffet
862 1708 1006 1776 Andream
1019 1693 1216 1770 Asatani'in-

87 1825 90 1831 ,
235 1795 326 1874 pressi
344 1795 466 1853 Venetis
488 1815 516 1854 a.
537 1792 812 1862 MCCCCLXXXV.
851 1793 888 1860 ll.
913 1794 1012 1854 Nonas
1025 1795 1142 1860 Martias
1161 1795 1213 1853 iol.

63 1922 66 1926 -
127 1880 238 1958 (Kolr.)
262 1879 370 1940 Eadem
393 1879 498 1950 editio,
523 1879 702 1948 ab'elntonio
722 1879 875 1957 Koberger
901 1881 1025 1958 repetite
1047 1879 1215 1942 Norimber-

236 1984 291 2044 gae
304 1959 635 2024 MCCCCLXXXXVll.
672 1963 821 2044 Utramque
841 1966 947 2023 contuli
971 1965 1141 2037 editionem,
1178 1986 1214 2024 ne
1332 2007 1339 2018 ,

235 2051 495 2138 praetermitterent
519 2048 624 2130 aliquid
647 2070 685 2112 ex
707 2051 760 2110 hac
785 2052 870 2128 longe
890 2053 1011 2116 omniurn
1029 2051 1216 2130 praestantis-

237 2137 307 2194 sima
330 2133 469 2193 editione.
514 2132 559 2193 Ae
583 2135 639 2193 vidi
659 2135 708 2193 has
727 2133 868 2194 editiones
886 2144 943 2194 non
961 2135 1064 2217 ubique
1082 2146 1113 2194 ut
1130 2135 1215 2212 'vulgo
1292 2175 1296 2182 -

236 2231 351 2299 putetur
373 2219 554 2295 consentire,
581 2219 702 2280 sedhic
725 2232 754 2278 et
776 2221 834 2278 illic
858 2219 985 2278 diversas
1005 2221 1153 2288 continere
1173 2221 1216 2279 le·

237 2307 365 2376 ctiones,
395 2323 449 2363 nec
472 2324 539 2362 casn
562 2306 652 2363 solum
675 2325 709 2364 ae
732 2315 841 2375 temere
864 2303 914 2364 sed
939 2307 1071 2372 oonsilio,
1117 2304 1167 2363 Sic
1185 2315 1216 2362 ut

235 2411 292 2448 ano
315 2401 379 2448 utar
401 2391 531 2468 exemplo
554 2389 672 2467 §.148.
691 2390 767 2451 Ven.
785 2394 815 2456 1,
841 2391 1060 2457 deducebantur
1080 2389 1213 2472 praebet,

237 2475 314 2534 Kolr.
334 2475 520 2542 dicebantur.

130 2560 240 2634 (Med.)
266 2559 416 2626 Ciceronis
436 2559 531 2637 Opera
548 2559 704 2620 Mediolani
722 2556 998 2620 MCCCCLXXXX.

131 2648 281 2722 (Veu.2‚)
307 2645 421 2714 Orator.
447 2643 490 2706 De
513 2647 585 2712 lato,
608 2645 650 2714 To
672 2647 715 2704 ica
735 2656 764 2704 et
782 2645 818 2712 de
838 2645 1028 2714 Unirersitatc
1050 2667 1103 2726 per
1120 2645 1215 2705 Bone·
1277 2700 1280 2708 ,
1337 2697 1341 2703 .

237 2742 294 2797 tum
313 2729 489 2796 Loeatellum
507 2730 665 2800 Venetiis.
688 2729 960 2800 cccctxxxxss,
982 2731 1033 2794 lol.

131 2815 276 2893 (Asel.)
302 2815 396 2894 Opera
416 2815 565 2876 Ciceronis
586 2813 794 2874 Venundantnr
816 2835 878 2874 eum
902 2817 1025 2875 caeteris
1048 2816 1083 2874 ab
1108 2817 1215 2875 Ioanne

237 2899 328 2959 Parvo
352 2911 382 2959 ct
403 2899 511 2960 Iodoeo
534 2900 623 2960 Badio
648 2901 738 2960 Paris.
761 2903 854 2961 1511.
901 2901 933 2966 la
960 2902 1022 2968 aliis
1049 2901 1127 2970 libris
1154 2899 1216 2959 edi-

236 2987 308 3046 tioni
325 2984 533 3045 Mediolanensi
552 2998 596 3044 est
619 2987 773 3044 simillima:
799 2988 826 3044 in
845 2987 908 3044 aliis
926 2997 957 3044 ut
975 2987 1003 3043 in
1019 2985 1135 3044 Somnio
1152 2983 1215 3043 Sci·

238 3071 330 3148 pionis
349 3069 431 3129 valde
451 3081 496 3129 est
514 3069 668 3129 dissimilis.
712 3071 799 3128 Huius
818 3091 874 3148 ego
894 3065 1026 3129 editionis
1044 3071 1217 3128 mentionem

236 3157 295 3214 leci
313 3175 395 3227 raro,
425 3157 490 3234 quia
509 3175 571 3220 cum
589 3154 797 3224 Mediolanensi
815 3157 843 3214 in
860 3156 1005 3240 plerisque
1024 3156 1095 3214 loeis
1114 3154 1216 3214 Orato-

237 3242 277 3298 ris
296 3242 449 3309 consentit,
752 3263 756 3270 ¹

133 3325 217 3402 (att.
230 3328 274 3398 1.)
287 3329 310 3396 *)
335 3323 438 3383 Aldina
457 3328 551 3388 1514.

134 3413 192 3484 (lu,
206 3413 251 3483 1,)
277 3411 386 3470 lentina
406 3413 500 3478 1514,

134 3497 227 3574 (Tul.)
257 3495 360 3554 Orator
382 3495 418 3554 ad
439 3490 622 3564 M,'·Brutunr
649 3497 696 3556 ed.
727 3497 903 3564 Hernrannus
930 3497 1074 3557 'luliehius
1100 3493 1216 3574 Lipsiae

136 3664 221 3746 (Asc.
233 3669 279 3739 2.)
305 3666 399 3744 Opera
419 3667 568 3726 Ciceronis
586 3667 718 3726 Lutetiae
739 3667 908 3734 Parisiorum
927 3665 999 3744 apud
1015 3665 1148 3724 lodocum
1161 3665 1217 3723 lla-

239 3751 313 3815 dium
336 3750 504 3822 Ascensium
528 3755 621 3820 1522.
666 3752 727 3810 lloe
751 3751 819 3815 tero
842 3753 951 3828 signam
974 3754 1047 3810 Aac.
1077 3750 1232 3822 interdum

238 3839 331 3916 posui,
357 3847 387 3895 et
404 3837 494 3915 prima
512 3849 542 3895 et
559 3835 685 3904 secunda
703 3837 783 3895 sirnul
800 3835 977 3898 Ascensiana
995 3835 1157 3896 intellecta:
1187 3833 1218 3892 fit

239 3923 313 3980 eninr
332 3923 386 3980 lroe
405 3922 453 3980 ubi
471 3923 614 3984 consentit
632 3933 763 4006 utraque,v
787 3957 830 3970 —-
856 3922 934 3980 Hanc
953 3923 1078 3979 imitatur
1097 3920 1217 3979 Cratan-

238 4005 320 4076 drina
338 4007 470 4074 maxime,
867 4031 869 4036 ·

205 4190 232 4255 1)
251 4196 334 4248 Quam
344 4197 480 4253 corruptae
490 4195 541 4242 sint
550 4195 656 4244 Aldinae
665 4197 836 4242 Romanorum
847 4197 1001 4256 scriptorum
1011 4173 1150 4250 editiones,
1169 4204 1216 4236 en·-

136 4263 223 4322 posuit
236 4265 264 4310 Ι..
279 4264 396 4321 Spengel.
411 4265 491 4322 prael.
504 4264 536 4310 ed
549 4257 621 4311 Varr.
634 4265 662 4310 L.
671 4266 699 4311 L.
713 4277 737 4324 p.
748 4264 836 4312 XXXI
846 4277 882 4322 eq.
897 4268 923 4310 et
938 4266 1116 4324 comprobatur
1129 4259 1177 4306 hnc
1192 4263 1218 4306 et

119 4345 123 4354 ·
137 4331 221 4380 altera
234 4330 336 4380 edrtld.
354 4333 456 4380 Gnate.
