2710 4996
402 524 516 604 ¹ear.
538 517 610 578 mv.
637 525 802 580 asa-aca-
905 566 909 574 .
934 563 961 589 ,.
1076 527 1147 588 aaa

152 711 228 757 anae
244 697 286 754 sit
300 713 381 754 eamn
398 699 546 774 caiusque.
566 715 608 756 sc.
626 713 819 767 numerosum,
844 694 915 756 oder
931 695 970 758 'eh
983 696 1072 776 jeder
1089 717 1144 760 voa

74 775 166 835 diesen
188 779 305 840 TheiIen
329 783 394 840 eine
417 779 580 840 hesoudere
601 777 657 840 Art
679 779 730 840 ales
748 771 964 860 Wohtttnngos'
981 783 1097 854 habai.
1117 805 1144 844 e.

73 860 139 919 oder
156 863 191 920 oh
208 863 295 925 Jedes
315 886 369 924 von
389 865 488 925 diesen
507 867 602 925 seines
619 866 715 924 Theiis
733 887 795 926 zum
810 865 986 946 Wohikiang
1003 867 1143 948 beitrage.

71 949 175 1015 ,Anne
196 949 332 1029 Meyerus
355 950 435 1009 dedit
461 951 600 1030 probante
623 951 767 1010 Mosero.·
796 951 933 1031 Exempla
959 953 1040 1012 huius
1054 975 1145 1024 ‚anae

71 1041 132 1107 post
148 1037 243 1094 utram
260 1035 366 1095 videsis
385 1037 460 1114 apud
479 1035 570 1095 Haud.
584 1037 733 1102 Turseltin.
754 1037 818 1096 Vol.
835 1039 864 1096 1.
884 1058 911 1115 p.
927 1037 998 1100 356.
1019 1049 1048 1098 ct
1066 1041 1144 1103 conf.

71 1116 190 1193 inprimis
217 1120 447 1200 Oudendorpinm
462 1121 511 1182 ad
533 1121 636 1201 Appul.
658 1122 724 1184 ¹Vei.
745 1124 774 1180 1.
797 1141 824 1200 p.
848 1123 900 1182 31.
924 1143 962 1182 aa
989 1134 1036 1184 cst
1059 1124 1155 1188 codd..

70 1202 138 1273 nuti,
155 1205 246 1268 ¹etiam
266 1205 344 1265 Eius.
365 1227 403 1266 aa
426 1209 468 1266 sit
486 1206 585 1266 Lamh.
604 1207 673 1266 Ern-
694 1207 762 1266 Sch.
1031 1273 1033 1278 ,

69 1369 83 1445 §
148 1309 284 1352 numam
311 1294 486 1376 ahtereallis.
517 1313 544 1354 v.
572 1292 707 1371 Prologg.
736 1291 772 1352 de
791 1290 893 1352 ‘docte
919 1294 1029 1354 numeri
1060 1313 1086 1354 c.
1113 1296 1144 1361 2,.

87 1373 138 1431 .3.
158 1395 234 1436 vers.
253 1378 302 1437 ho.
935 1435 973 1458 ,1.

146 1464 275 1522 oucibus.
303 1462 419 1524 delectu
441 1483 543 1525 vocum
565 1464 651 1542 piene
668 1473 704 1533 *et
728 1463 853 1524 suaviter
874 1449 1047 1544 sonantium,
1073 1465 1145 1524 levi·

70 1549 122 1600 tate
140 1550 281 1634 erationis
300 1560 357 1608 etc.
448 1579 450 1584 ·
609 1605 612 1612 ,
734 1557 736 1562 ’

144 1651 239 1708 genas
263 1636 365 1712 apsaro.
404 1626 593 1694 Schutzius'e
617 1635 785 1694 coniectura
807 1635 922 1712 scripsit
945 1655 1058 1713 genere
1081 1638 1143 1713 apso

68 1713 213 1776 verberam
233 1723 322 1797 quasi
337 1721 480 1796 quaedam
498 1717 608 1797 farma.
655 1717 713 1778 Sed
736 1719 843 1798 triplex
863 1717 1044 1792 vocabulum,
1069 1719 1165 1798 qaod*

68 1797 145 1858 modo
168 1803 197 1862 iu
221 1805 345 1864 ablativo
372 1816 589 1884 praecesserat,
617 1805 663 1863 hie
686 1803 762 1864 redit
788 1805 1031 1877 in‘neminativa,
1059 1807 1143 1884 eique

65 1879 105 1940 his
123 1885 175 1962 per
192 1889 342 1953 ablativum
362 1890 525 1968 adiungitur
544 1911 579 1950 ea
596 1909 657 1963 res,
681 1910 735 1970 qua
757 1887 973 1968 unumquodque
996 1881 1144 1969 appareat,

66 1972 147 2030 tertio
164 1993 234 2040 vena
255 1976 320 2045 loco
339 1976 634 2047 alius‘neminativue
658 1977 705 2054 qui
723 1976 760 2034 sit
777 1973 936 2054 praedicati
954 1977 1053 2036 instar.
1081 1975 1143 2048 Bur.
1271 1981 1275 1991 “

66 2047 106 2111 Dc
123 2055 252 2132 ahietivis
271 2081 334 2120 cum
354 2072 502 2140 appareat
517 2063 577 2120 sine
597 2064 627 2120 ia
646 2061 723 2120 conf.
744 2080 768 2120 c.
788 2061 952 2132 66,,222.,
973 2101 979 2132 ,-

144 2146 250 2224 se'tqae.
296 2145 358 2204 Hoc
386 2157 443 2217 est,
472 2158 502 2204 et
527 2147 691 2218 utrumsit.
729 2143 850 2204 Seeuuz.
891 2145 950 2202 lma
977 2147 1073 2224 sitque
1100 2157 1147 2208 est
1194 2161 1197 2169 ’

67 2227 237 2290 continuatio
254 2231 443 2310 quaestionis:
465 2251 542 2290 anae
559 2233 601 2290 cit
615 2250 696 2288 suam
713 2233 852 2306 curasque
871 2239 927 2288 eto.
964 2229 1036 2290 Nam
1049 2243 1145 2309 'quae-

65 2307 100 2364 rit
124 2315 258 2389 primum,
286 2336 398 2374 eamne
425 2314 509 2374 moda
537 2329 670 2377 uumerus
691 2315 744 2372 sit:
776 2317 889 2384 (atram
909 2333 1029 2374 numero
1050 2318 1144 2380 seham

66 2390 241 2478 cffict'atar),·
270 2421 305 2459 an
324 2402 428 2478 plures
449 2402 559 2459 numeri
582 2401 654 2458 siut:
681 2404 736 2472 (aa
759 2402 846 2458 etiam
864 2401 914 2464 ael
933 2403 1143 2477 compositione

66 2483 199 2556 quadam,
223 2487 273 2550 ael
290 2506 401 2562 genere
423 2481 678 2562 verboruma-saa
701 2487 764 2544 seht
784 2505 881 2560 omnes
904 2486 1013 2544 numeri
1038 2484 1140 2545 iidem:

68 2565 155 2630 (anae
176 2573 218 2630 sa
242 2591 323 2631 suam
346 2575 483 2650 eat'asqae
510 2571 698 2644 scsnumeri,
727 2571 952 2648 compositionis,
969 2581 998 2630 et
1025 2572 1142 2648 generis

64 2649 210 2722 verborum
236 2677 446 2728 natmeroaam,·
465 2660 560 2736 sitque
592 2657 714 2718 emnium
744 2656 844 2716 horum
874 2657 939 2718 fons
968 2657 1141 2736 vcompositio

65 2749 100 2792 sc.
119 2737 216 2800 latiari
236 2753 321 2802 sensu
340 2741 440 2816 dicta).
481 2799 485 2806 ,
710 2743 713 2748 ’

142 2841 168 2918 ἕ.
180 2845 262 2910 182.
282 2847 360 2923 quad
376 2827 619 2907 ooce'r’aeandaaa
638 2856 690 2906 est.
709 2849 729 2905 i.
748 2866 776 2906 e.
793 2847 1013 2925 compositione.

141 2949 346 3022 moderatiene
365 2935 536 3008 absolutura.
560 2950 579 3008 i.
599 2933 626 3009 e,
646 2949 731 3008 orh'e:
756 2949 884 3006 Couirc.
904 2949 958 3020 53,
978 2947 1049 3007 177.
1069 2945 1140 3008 178.

29 3121 33 3129 .
59 3015 103 3097 Ex
119 3027 241 3100 adverso
260 3033 376 3112 ponitur
393 3036 584 3093 immoderata
603 3037 701 3093 oratio
720 3054 746 3092 c.
766 3035 820 3105 58,
840 3034 911 3092 198.
960 3083 964 3104 ,

126 3146 253 3210 'genere
271 3133 434 3194 verboram.
453 3135 472 3194 i.
493 3156 518 3196 e.
539 3137 741 3195 concinnitate.
1033 3217 1035 3220 .
1058 3207 1061 3212 Ι

142 3237 174 3294 id
191 3239 378 3318 qat'demasc.
397 3229 581 3302 illuminatum
597 3229 710 3320 ¹genere
728 3228 881 3298 verborum
900 3238 973 3310 (sive
988 3233 1140 3309 concinui·
1248 3300 1251 3310 Ι

62 3315 112 3388 tas)
136 3319 282 3382 finitimam
302 3333 346 3382 cst
363 3343 481 3386 numero
500 3327 561 3384 sive
580 3315 658 3384 orhi:
683 3335 831 3404 utrumque
851 3325 925 3382 euim
943 3321 1140 3387 moderatiene

62 3394 214 3471 ahsolutum
235 3418 279 3467 est
296 3409 316 3466 i.
332 3427 358 3466 e.
377 3409 414 3466 ist
432 3408 520 3468 durch
533 3397 730 3492 Masshaithug
747 3411 807 3471 sive
826 3407 915 3470 durch
932 3407 980 3492 vdie
998 3408 1157 3494 gehhrige·

62 3477 157 3565 Lange
177 3492 230 3554 der
245 3491 432 3578 ¹hatzglieder
449 3487 638 3574 ah'geruudet.
763 3503 766 3510 '

140 3597 290 3669 gravitati
317 3617 418 3655 vocam
450 3607 504 3656 aet
519 3583 687 3658 ,suauitatis
727 3601 837 3663 Graeca
863 3609 893 3658 et
917 3570 1139 3658 convescentes

61 3685 144 3750 saepe
171 3679 217 3736 hic
245 3692 347 3743 auctor
374 3683 532 3761 componit,
560 3694 592 3744 ut
613 3683 737 3751 Brutsc.
756 3686 790 3755 9,
814 3685 864 3744 38.
890 3681 968 3740 Orat.
987 3683 1137 3756 50‚,168.

62 3751 131 3824 Quid
148 3775 244 3830 antem
262 3765 317 3824 hec
336 3767 401 3826 loeo
423 3771 560 3844 gravitas
579 3769 861 3845 aecumstgnificet,
885 3768 931 3824 eui
954 3769 1139 3845 compositio·
1234 3790 1246 3816 ο

61 3855 121 3914 fleta
140 3857 227 3908 totam
247 3851 356 3914 servire
376 3850 464 3923 dicit,
483 3873 540 3912 non
558 3855 651 3912 statim
670 3863 798 3930 apparet.
843 3851 927 3910 Putet
949 3853 1049 3930 aliquis
1070 3871 1139 3930 gras·

12 3977 14 3986 .
59 3923 146 3988 vitate
165 3933 321 4011 significari
340 3947 498 4008 accentum,
513 3957 611 4001 aarum
629 3939 654 3996 is
672 3938 700 3994 in
719 3937 807 3998 latina
823 3937 920 4015 lingua
938 3948 1014 3996 tutus
1031 3935 1139 4014 pendet

60 4010 233 4078 chrevitate
253 4030 282 4078 et
299 4015 680 4100 proceritate:syliabarum⁹
703 4041 760 4080 nen
778 4041 795 4086 a
814 4018 1035 4101 compositione
1075 4021 1140 4078 Fuit

61 4107 120 4156 tum
140 4105 346 4175 existimarem,
362 4107 542 4184 gravitatem
559 4127 659 4166 vacam
677 4106 723 4170 hic
743 4127 807 4170 esse
820 4107 867 4179 id,
887 4107 963 4187 qued
981 4127 1019 4168 ex
1037 4104 1138 4165 definin-

59 4177 136 4243 tinne
158 4187 348 4270 Theophrasti
375 4191 537 4250 Demetrius
561 4191 596 4250 de
619 4191 732 4254 Eioent.
755 4193 780 4270 §.
805 4193 876 4260 173.
903 4188 936 4253 τὸ
962 4189 996 4270 τῇ
1023 4193 1136 4268 διανοίᾳ
1204 4209 1205 4212 ’

60 4256 166 4346 ἔντιμον
184 4275 266 4348 dicit,
285 4275 338 4336 sed
356 4275 432 4355 qnod
449 4277 498 4336 iile
517 4278 674 4356 exemplum
692 4279 758 4338 talis
774 4279 905 4360 normali
923 4278 1004 4356 ponit
1021 4277 1049 4354 ἕ,
1063 4277 1134 4338 175.

59 4351 92 4424 ih
114 4355 224 4444 Ouanota
246 4363 278 4424 et
299 4358 397 4443 impe
416 4359 455 4424 aa
474 4357 596 4432 τοιαῦτά
617 4367 704 4438 ἐστιν,
731 4357 791 4432 οἷον
812 4360 845 4428 τὸ
866 4359 988 4446 ἀρχαῖοι
1000 4359 1066 4434 aaut
1081 4359 1136 4424 τοῦ
