2678 4974
499 455 592 526 car.
618 473 668 526 rx.
685 468 729 527 nt.
834 475 881 567 ³<
1113 474 1159 536 aa

82 643 225 704 vorborum
246 646 343 706 nitore
365 656 396 708 et
416 643 664 718 translationibus,
691 645 839 726 eleg'antlu
854 657 884 708 et
902 645 1077 708 iucunditate
1100 649 1155 708 vim

81 741 107 788 et
127 729 234 808 pondus
256 731 408 792 verborum
432 731 681 810 compensandus
705 731 832 792 Romano
857 733 957 794 fuisse.
1002 733 1067 812 Ego
1084 753 1155 792 vcro

79 835 169 874 veram
197 817 335 876 rationem
359 815 538 876 differentiae
565 818 643 876 inter
669 818 860 895 eloquentiam
884 819 1024 878 Graecam
1046 830 1076 878 et
1096 817 1155 878 llo-

79 920 182 960 manem
205 903 330 960 arbitror
353 903 458 984 luisse,
487 900 563 982 quod
586 902 705 962 humani
728 913 828 962 natura
851 905 942 981 magis
964 905 1034 964 iacti
1057 915 1155 964 essent

78 983 111 1043 ad
128 987 245 1046 formam
265 999 295 1046 et
312 989 439 1066 speciem
456 987 585 1058 Graecae
604 985 773 1047 eruditionis
790 987 997 1059 aemulandam,
1018 1009 1099 1068 quum
1118 987 1153 1048 arl

78 1068 114 1140 id,
134 1072 209 1150 quod
227 1093 360 1131 summum
380 1073 674 1144 inhumanitatem,
695 1071 912 1152 assequendum.
950 1071 1060 1134 Deerat
1078 1076 1153 1134 enim

78 1155 108 1212 iis
126 1155 219 1217 divina
237 1159 284 1216 illa
303 1157 439 1236 quaedam
457 1160 500 1217 vis
519 1159 642 1235 ingenii,
663 1158 769 1216 sanitas
787 1159 1005 1227 sententiarum,
1027 1159 1153 1218 sublimi-

77 1250 115 1298 tas
133 1244 355 1320 cogitationum,
376 1261 444 1322 quas
462 1245 582 1302 uirtutes
601 1262 655 1302 nec
674 1242 768 1302 studio
787 1254 915 1313 ornatus,
936 1245 1046 1322 qualem
1066 1243 1153 1302 disci-

76 1325 145 1403 plina
162 1327 310 1386 rhetorum
329 1327 541 1408 suppeditabat,
567 1347 621 1386 nec
645 1329 783 1386 minorum
806 1328 892 1386 animi
913 1329 1013 1388 virium
1032 1340 1153 1388 conten-

77 1411 149 1470 tione
167 1415 282 1492 assequi
300 1413 416 1474 licebat.
462 1413 567 1492 Neque
585 1415 693 1473 eratin
713 1412 846 1472 humanis
868 1424 918 1474 ant
938 1411 1060 1472 studium
1083 1411 1153 1474 illud

76 1497 185 1572 artium,
211 1499 314 1561 nrdlius
336 1500 379 1557 rei
403 1499 457 1556 nisi
479 1497 570 1558 l'audis
593 1497 738 1578 cupidum,
762 1509 810 1557 aut
827 1519 912 1558 verus
930 1500 1039 1578 patriae
1057 1517 1148 1560 amur.

77 1580 241 1642 Ciceronem
257 1595 350 1642 autem
369 1586 446 1642 inter
463 1603 577 1644 suorum
595 1593 752 1663 temporum
772 1583 900 1644 homines
919 1585 939 1643 ii
957 1585 1148 1656 incesserunt,

76 1667 117 1743 qui
138 1680 201 1728 arte
225 1668 337 1747 quidem
363 1671 503 1739 minores,
532 1669 583 1728 sed
607 1672 740 1749 antiquae
763 1667 952 1728 homanorum
974 1671 1150 1730 strenuitatis

75 1765 212 1825 amantes,
233 1755 459 1834 simplicitatem,
478 1773 614 1826 acumen,
636 1766 666 1814 et
682 1754 803 1834 proinde
822 1754 1007 1825 brevitatem,
1026 1757 1151 1814 tenuita-

76 1844 142 1908 tem,
167 1859 273 1898 nervos
296 1851 326 1898 et
348 1840 471 1898 lacertos
489 1837 596 1912 Attici,
621 1839 696 1918 qnod
720 1839 855 1919 putabant
877 1839 1011 1918 loquendi
1033 1841 1150 1916 generis

74 1923 188 1983 retineri
210 1925 356 1984 volebant
386 1924 504 1998 Quintil.
525 1928 577 1998 12,
599 1928 650 1996 10,
672 1928 724 1984 12.
764 1927 852 2001 (luem
871 1935 1016 1984 tumenet
1032 1945 1149 1984 suorum

75 2006 197 2068 iomanes
217 2020 376 2088 temporum
394 2013 540 2070 incessere
559 2010 708 2070 audebunt
730 2020 764 2070 ut
786 2012 986 2081 tumidiorem,
1012 2020 1044 2068 et
1057 2011 1150 2070 Asiu-

76 2110 134 2150 num
144 2137 152 2164 ,
177 2105 209 2153 et
230 2097 459 2166 redundantem,
485 2105 517 2153 et
531 2097 561 2154 in
579 2095 805 2174 repetitionibus
821 2098 957 2166 asinium,
981 2105 1012 2154 et
1029 2097 1059 2156 in
1077 2097 1149 2154 suli-

76 2174 122 2234 dus
143 2181 303 2257 aliquunde
318 2177 485 2258 frigidum,
512 2190 543 2239 ct
563 2183 593 2238 in
612 2183 824 2258 compositione,
834 2177 985 2256 fructum,
1012 2181 1148 2240 ccultan-

76 2268 140 2332 tem‚
160 2285 195 2323 uc
211 2283 325 2342 poene,
351 2266 430 2344 quod
442 2267 552 2342 procul
567 2266 659 2335 obsit,
683 2268 747 2323 utho
766 2267 939 2324 molliorem.
985 2259 1023 2324 Et
1046 2264 1148 2324 Calvus

76 2346 177 2422 quidem
204 2349 373 2408 Ciceronem
398 2349 560 2428 appellabat
576 2352 700 2410 solutum
724 2360 755 2408 et
776 2369 926 2421 eneruem,
954 2347 1058 2408 Brutus
1075 2345 1148 2426 sru-

75 2440 141 2490 ctum
160 2446 250 2514 utque
267 2435 423 2494 elumbem.
442 2434 558 2513 Dialog.
579 2435 615 2493 de
634 2445 720 2494 oratt.
743 2437 842 2494 als.
879 2436 959 2493 Sntr's
977 2443 1147 2494 constetne

78 2516 208 2578 Ciceroni
221 2522 335 2598 quidem
353 2510 568 2580 obtrectatores
582 2518 721 2598 defuisse,
742 2519 845 2604 quidus
858 2519 978 2600 tustanus
993 2529 1024 2578 et
1037 2529 1148 2581 tument

75 2618 122 2658 nec
137 2608 211 2664 sutus
224 2619 360 2683 pressus,
382 2607 438 2664 sed
453 2625 545 2684 supro
561 2608 674 2664 modum
693 2607 845 2664 rumiens
867 2615 898 2664 et
917 2603 1100 2682 superfluens
1112 2614 1150 2664 ,et

72 2703 168 2757 parum
188 2693 327 2767 antiquus
343 2693 504 2750 uideretur.
541 2694 670 2769 Legistis
687 2693 788 2768 utipuc
806 2699 838 2748 et
855 2692 941 2748 Cuiui
957 2700 988 2748 ct
1002 2691 1092 2748 Bruti
1107 2691 1148 2747 ud

76 2769 238 2834 Ciceronem
260 2777 362 2835 inrisus
384 2778 541 2854 epistulas.-
566 2797 605 2833 en
623 2776 725 2854 quidus
733 2771 832 2853 jucilc
851 2785 897 2834 est
912 2775 1144 2851 deprehendere,

76 2853 185 2918 Culoum
204 2862 318 2937 quidem
338 2863 478 2920 Ciceroni
495 2863 586 2920 ussum
605 2880 783 2938 ensunguem
801 2869 834 2918 et
849 2861 997 2930 attritum,
1023 2861 1146 2918 Brutum

75 2951 160 3001 uectem
184 2948 307 3004 otiosum
332 2955 419 3024 utque
437 2947 626 3005 maureium:
640 2951 808 3023 'musasque
828 2946 997 3004 Ciceronem
1017 2961 1035 3002 u
1055 2944 1144 3010 Culuu

75 3027 178 3096 quidem
205 3033 283 3088 mule
309 3031 424 3090 audiam
451 3041 589 3108 tunquam
614 3031 738 3088 solutum
766 3039 796 3088 et
821 3045 972 3088 eneruem.-
1006 3045 1025 3086 u
1051 3030 1144 3086 Bruto

75 3120 177 3186 cutem,
198 3126 233 3173 ut
249 3117 339 3192 apcius
356 3117 453 3174 cerdis
470 3125 554 3185 utor,
576 3125 713 3191 tunquam
732 3111 867 3191 fruetuum
886 3123 973 3190 utque
992 3111 1143 3192 elumbem.

75 3185 101 3248 lu
118 3197 358 3259 obtrectatoribus
376 3201 459 3258 etiam
478 3199 593 3257 Asinius
611 3198 719 3270 Pollio,
730 3210 770 3256 «et
788 3199 878 3269 lilius,
900 3197 996 3258 Gallus
1013 3195 1144 3269 Asinius,

75 3291 162 3341 erant:
188 3286 305 3358 Quintil.
326 3288 377 3356 12,
399 3287 430 3356 1,
451 3287 503 3343 22.
528 3303 586 3344 nec
604 3286 707 3343 Cr'cero
730 3287 823 3344 Bruto
851 3285 997 3361 Caluoque
1022 3281 1146 3355 (videtur

75 3365 135 3423 satis
152 3371 321 3447 perfectus),
344 3373 395 3448 qui
410 3381 490 3430 certe
508 3372 746 3447 compositionem
762 3371 842 3428 illius
859 3370 948 3428 etium
958 3369 1041 3446 opud
1053 3369 1144 3445 ipsum

75 3445 109 3514 (in
127 3455 266 3536 epistolis)
289 3449 601 3534 reprehendunt‚·'nec
616 3457 725 3514 Asinio
748 3457 893 3532 utrique,
907 3455 958 3531 qui
978 3455 1052 3512 vitiu
1076 3470 1145 3510 oru-

75 3531 155 3596 tt'unt's
172 3543 234 3600 euius
252 3543 340 3600 etium
358 3544 475 3600 shrhu'ce
487 3539 626 3619 pluribus
644 3542 717 3600 loeas
734 3543 936 3618 insequuntur.
967 3538 1040 3611 Quin
1058 3537 1144 3595 etiam

75 3611 160 3681 Gallus
176 3624 292 3684 Asinius
310 3625 409 3684 librum
427 3628 584 3705 scripserat
606 3627 643 3684 de
665 3627 885 3704 comparatione
908 3621 1024 3697 (Asinii)
1043 3623 1145 3700 putris

75 3707 101 3756 et
121 3707 285 3782 Ciceronis,
313 3722 346 3770 ut
371 3711 445 3770 illius
472 3711 675 3790 praestantiam
697 3709 922 3780 demonstraret,
951 3718 1026 3768 teste
1051 3705 1142 3767 Plinio

74 3777 168 3861 Epistt.
193 3797 224 3866 7,
248 3801 284 3866 4,
307 3802 340 3855 4.
385 3796 426 3855 At
452 3797 623 3856 Ciceronem
651 3793 782 3854 defendit
808 3794 969 3872 imperator
995 3789 1141 3863 Claudius,

74 3871 139 3934 testo
162 3879 300 3940 Suetonio
324 3881 424 3941 Claud.
450 3901 477 3940 c.
502 3884 556 3941 41.
604 3881 711 3940 Contra
739 3880 911 3952 Quintiliano
942 3880 971 3938 in
999 3875 1142 3939 Cicerone

74 3949 160 4046 innota
184 3966 354 4026 videbuntur
378 3968 421 4024 vis
446 3966 663 4035 Demosthenis,
691 3963 808 4024 nhertus
833 3964 977 4034 Platonis,
1005 3962 1143 4036 Isocratis

75 4047 233 4110 usandum.
272 4051 379 4110 llursus
396 4053 507 4109 auctori
527 4051 636 4129 dialogi
652 4048 688 4108 dc
706 4049 885 4120 oratoribus,
906 4049 953 4129 qui
970 4057 1143 4128 pustnpera

74 4116 182 4193 Tanites
206 4147 267 4208 est,
302 4157 330 4195 c.
352 4138 408 4196 22.
435 4137 522 4194 multa
553 4136 582 4194 iu
613 4135 757 4220 priorihuq
783 4135 933 4197 Ciceronis
951 4130 1142 4194 ¹orationihus

75 4202 272 4305 i'‘tutabantur,
307 4223 335 4280 in
362 4221 463 4301 quihus
489 4207 583 4280 tamen
612 4222 755 4280 etiamtum
780 4231 896 4307 servata
919 4217 1085 4297 simplicitas
1112 4225 1143 4275 et

75 4304 154 4359 tuum
169 4319 298 4388 apertum
316 4289 386 4368 erlis
404 4306 524 4368 studium
543 4309 639 4368 inesse
655 4305 748 4368 videri
770 4306 872 4387 possit.
918 4303 963 4364 llli
981 4299 1094 4384 quidem
1112 4300 1140 4358 in

875 4401 930 4466 G.
