2678 4974
478 463 571 516 car.
593 462 667 514 Xiii.
689 463 731 514 bb.
1073 465 1141 527 159

76 629 220 704 distribuit,
243 653 310 712 quas
333 645 363 693 et
386 636 460 712 ipsas
482 635 516 693 E.
540 635 663 694 Piatner.
687 635 704 692 1.
725 654 751 693 c.
773 655 800 713 p.
824 637 874 692 21.
898 636 972 694 insto
995 633 1139 696 dividendi

74 716 245 776 fundamenti
265 718 413 778 destitutas
430 719 466 779 ad
483 722 635 799 pauciores
655 719 747 799 redigi
765 739 850 798 posse
868 720 999 780 effiminat.
1032 721 1139 782 Verum

74 820 103 858 ca
125 803 190 860 nihii
213 803 267 862 hnc
289 806 419 863 attinent.
465 806 569 864 Cicero
593 806 666 864 caim
690 825 746 863 nno
768 804 907 864 vocabulo
928 809 1078 883 signorum
1102 825 1139 866 ea

72 905 116 943 sex
137 906 244 964 genera
270 901 499 968 argumentorum
523 889 773 968 comprehendisse
800 889 938 967 putamus
966 902 1022 962 est,
1050 911 1138 970 quan·
1162 955 1164 966 ¹

72 991 144 1048 quam
161 973 364 1052 intersignum
383 986 414 1034 et
431 986 639 1053 argumentum,
664 977 737 1036 sicat
760 977 836 1034 inter
857 973 928 1034 hacc
947 973 1002 1034 duo
1022 987 1052 1034 et
1069 979 1139 1036 reii-

71 1075 117 1132 qun
146 1048 343 1135 probationum
375 1079 483 1138 genera
515 1061 647 1120 rhetores
680 1057 868 1119 differentiam
901 1079 965 1120 esse
1001 1071 1136 1120 statuant.
1168 1129 1173 1138 Ι

70 1139 135 1199 vite
157 1145 327 1222 scriptorem
349 1144 385 1204 ad
409 1145 534 1206 Herean.
552 1149 585 1216 2,
604 1151 639 1216 4,
657 1147 687 1204 6.
707 1147 740 1215 5,
759 1148 789 1204 8.
816 1145 931 1218 Quintil.
951 1147 983 1214 5,
1003 1147 1032 1204 9.
1051 1147 1136 1230 etde

72 1223 180 1286 Graecis
196 1229 307 1288 Schott.
322 1231 359 1289 ad
373 1230 504 1312 Dionysii
523 1231 595 1302 flat,
615 1233 662 1309 qni
679 1233 772 1289 fertur
787 1229 823 1288 A.
839 1229 890 1288 lib.
908 1232 957 1300 11,
972 1232 1001 1289 9.
1021 1251 1047 1308 p.
1063 1233 1134 1292 356.

70 1329 92 1366 n.
106 1311 174 1372 107.
207 1314 299 1392 Signi,
319 1315 394 1394 quod
412 1318 577 1396 specialiter
595 1315 699 1374 dicium
717 1327 746 1373 ct
763 1336 846 1374 unum
865 1326 910 1374 cst
928 1331 964 1374 ex
982 1316 1136 1392 generibus

70 1414 113 1453 sex
137 1399 349 1477 probationum,
377 1411 504 1460 naturam
531 1402 623 1480 aperit
649 1401 683 1458 E.
706 1399 877 1460 Pintner.·1.
903 1420 927 1459 c.
956 1421 982 1478 p.
1007 1403 1043 1458 21
1074 1421 1134 1480 sqq.

70 1481 133 1552 uuit
156 1485 266 1562 signnm
291 1486 340 1556 sit,
363 1487 409 1545 rei
432 1489 538 1565 optimc
561 1488 693 1566 excnrpio
715 1485 907 1546 declarabitur
929 1475 1086 1564 scriptoris
1099 1483 1135 1546 ad

70 1563 185 1626 Hercnn.
204 1575 239 1641 4,
257 1573 312 1641 40,
332 1573 381 1630 53.
416 1574 626 1650 bicqreeatatio
650 1581 705 1643 est,
730 1591 813 1649 quum
835 1591 884 1629 res
905 1573 936 1629 ia
960 1581 1023 1630 tota
1045 1589 1135 1630 curua

69 1651 210 1728 dupcrsac
227 1666 375 1732 coguntur
391 1659 422 1716 ia
441 1677 538 1727 uuum,
563 1677 619 1736 quo
639 1659 765 1734 grauior
783 1667 836 1714 out
851 1658 951 1714 acrior
968 1666 1023 1714 aut
1037 1658 1136 1714 crr'rra'·

68 1740 159 1796 oasim
182 1743 283 1800 ‘oratio
308 1743 358 1799 sit.
384 1771 427 1786 ι-
468 1745 604 1802 Eiusdem
628 1744 750 1819 generis
776 1751 821 1800 cot
845 1743 898 1799 illa
916 1737 1133 1818 frequentatio,

69 1839 133 1896 artae
145 1825 304 1902 plurimum
323 1828 569 1886 coniecturalibus
587 1829 684 1885 carois
701 1828 872 1906 opitulatur,
892 1845 977 1903 quum
992 1829 1135 1903 cumcuim

67 1924 122 1976 ars,
147 1929 221 1986 quac
239 1913 398 1987 separatim
417 1914 514 1970 dictae
531 1915 659 1971 minutae
678 1922 709 1970 ct
725 1911 858 1988 infirmae
873 1913 975 1981 cram,
999 1931 1084 1970 uarum
1103 1914 1133 1970 iu

68 1990 150 2050 tarum
170 2005 292 2054 coactae
305 2015 366 2053 rem
379 1997 516 2059 utaentur
528 1999 715 2076 perspicuam
724 1994 843 2074 facere,
862 2015 921 2054 aaa
934 1999 1132 2073 mupr'ciosam,

67 2073 114 2132 boc
138 2089 246 2156 poeto.-
290 2081 413 2150 „Nolito
439 2083 544 2158 igitur,
580 2084 685 2151 nolite,
722 2083 844 2152 radices,
878 2099 926 2150 ea,
959 2099 1032 2158 qaae
1060 2083 1133 2152 diui,

66 2166 217 2236 separaum
241 2175 393 2242 spectaro:
420 2169 474 2224 scal
494 2168 746 2242 omuia‘collagitc
770 2176 801 2224 et
825 2163 958 2242 conserte
984 2168 1014 2224 ia
1037 2170 1132 2224 atatim.

67 2245 97 2300 Si
118 2258 148 2305 ct
172 2251 347 2308 commodum
374 2252 415 2309 ad
439 2253 523 2309 utum
550 2271 589 2308 cu
614 2252 695 2309 illius
720 2261 813 2308 morte
838 2249 988 2319 ueniebat,
1016 2259 1048 2307 ct
1072 2253 1133 2308 uita

67 2327 180 2391 toneris
197 2344 244 2392 est
260 2337 438 2412 turpissima,
458 2339 570 2394 animam
588 2337 786 2406 avarissimus,
805 2333 948 2412 sormaae
961 2333 1133 2412 familiares

67 2421 320 2489 ottcrruattlrsimac,
353 2430 384 2479 ct
406 2441 455 2480 res
481 2424 538 2480 ista
566 2422 640 2480 bono
667 2422 778 2480 nemini
791 2430 921 2499 'practer
947 2422 1030 2480 istum
1048 2417 1130 2497 suit.-

66 2517 149 2577 acque
171 2505 247 2562 altus
269 2507 417 2583 qumquam
440 2527 532 2583 acque
554 2507 712 2577 commode,
735 2525 829 2583 neque
850 2507 905 2564 iste
924 2507 996 2564 aliz's
1009 2525 1132 2564 conmm-

66 2585 188 2646 dioribus
204 2591 371 2647 rationibus
383 2589 493 2668 sarcre
510 2594 625 2669 potuit:
650 2611 743 2669 ncqiec
760 2593 956 2668 praeteritum
976 2593 1130 2668 qat'dqaam

66 2679 104 2726 cst
119 2673 155 2731 ab
173 2675 238 2743 acto,
258 2676 336 2752 quod
348 2695 421 2753 opus
428 2675 531 2754 suerit
542 2679 582 2735 ad
597 2676 786 2753 malcficium:
806 2695 899 2753 acque
908 2673 1035 2753 sactum,
1055 2677 1133 2752 quaed

65 2771 128 2828 opus
144 2777 202 2816 non
217 2756 336 2835 suerit.-
360 2771 391 2817 ct
407 2781 490 2839 metim
509 2765 589 2820 locas
607 2764 728 2820 a'doacas
745 2764 870 2820 manime
889 2764 1047 2838 quaesitus,
1072 2771 1130 2820 tum

65 2845 170 2901 occasio
185 2845 383 2921 adgrediendi
398 2849 555 2916 commoda,
571 2857 682 2925 campus
701 2848 831 2905 adeundi
847 2849 1128 2922 opportunissimum,

63 2930 178 2998 tpaa'um
196 2929 375 3006 conficiendi
393 2932 588 3008 longissimum
605 2941 745 3008 sumptam
765 2941 822 3000 cet,
844 2950 903 2988 noa
920 2932 985 2988 sobac
1001 2931 1129 2988 arautma

65 3013 225 3072 occultandi
240 3024 272 3072 ct
281 3015 462 3092 perficiundi
475 3016 616 3092 aralcficii
629 3037 697 3092 spe.-
721 3026 752 3073 et
764 3009 924 3092 practerea
943 3025 1025 3083 aare,
1045 3033 1129 3090 quam

34 3109 37 3113 ·
64 3098 166 3156 oreiam
182 3099 265 3156 bomo
285 3101 310 3157 ic
328 3109 383 3169 cst,
406 3102 556 3158 o'steur‘sue
573 3103 663 3158 estin
683 3119 716 3158 co
735 3102 813 3169 loca,
836 3101 867 3158 ia
886 3119 941 3176 quo
960 3109 1006 3158 cst
1022 3101 1128 3158 occatio
1152 3113 1156 3125 ¹

56 3173 149 3253 sacta,
167 3179 269 3242 solus.-
291 3186 385 3262 paulo
404 3187 526 3262 postia
549 3187 611 3262 ipso
636 3185 699 3242 loco
722 3180 863 3261 araltyi‘cii
881 3203 939 3242 ram
961 3185 1055 3253 iilius,
1080 3186 1132 3261 qui

64 3267 257 3338 occidebatur,
282 3271 401 3328 audz'ta:
424 3271 530 3328 deiude
547 3280 620 3347 post
639 3272 811 3328 occasionem
833 3272 917 3328 ritum
934 3271 1024 3332 malta
1042 3279 1129 3328 nacte

64 3346 164 3409 domum
188 3355 311 3412 rediisse
329 3365 456 3425 coastat,
475 3367 598 3434 postera
622 3356 669 3412 dic
692 3355 854 3414 titubanter
875 3365 908 3414 ct
927 3357 1130 3418 commutantur

63 3429 93 3488 te
118 3439 261 3496 occr'sionc
288 3441 368 3497 illius
394 3442 535 3499 lacunam:
568 3441 641 3498 baar
663 3443 775 3517 partim
802 3442 988 3510 tesamoair's,
1018 3442 1129 3518 partim

63 3523 270 3588 quaestionibus
297 3536 329 3582 et
352 3529 532 3604 argumentis
558 3528 655 3586 orinia
675 3525 921 3603 comprobantur,
953 3535 983 3582 ct
1011 3543 1128 3584 rumora

58 3607 166 3678 populi,
199 3627 280 3684 quem
312 3629 350 3666 ca
380 3613 561 3688 argumentis
585 3621 687 3670 namra
710 3631 827 3668 roccessc
855 3621 901 3669 cst
924 3631 986 3668 csse
1012 3629 1126 3668 ueruto.-

61 3698 190 3761 ocenum,
210 3693 332 3763 iudices,
352 3706 408 3765 cat,
428 3697 473 3753 bas
491 3699 521 3754 ia
540 3715 624 3755 aaran
642 3698 760 3754 collutis
777 3705 886 3754 certam
903 3715 1016 3754 ocurrere
1033 3697 1128 3754 scicn-

63 3771 133 3844 tiam
151 3796 208 3834 aaa
222 3781 414 3855 catcpt'cioucm
432 3781 578 3856 maleficii.
606 3783 681 3839 Nam
700 3799 785 3838 acaum
804 3782 918 3856 aliquid
935 3791 991 3838 aaut.
1004 3781 1128 3840 alteram

59 3867 150 3924 potest
168 3864 198 3920 ia
221 3865 306 3920 t'stum
328 3883 397 3921 casu
419 3867 558 3924 cecidisse
578 3867 753 3942 smptctose:
781 3873 816 3922 at
835 3868 932 3924 orara'a
956 3867 1034 3924 iuter
1054 3886 1085 3922 se
1109 3884 1127 3921 a

58 3944 144 4010 pauo
163 3948 203 4004 ad
213 3957 391 4024 postremum
409 3953 588 4008 conueniant
601 3949 760 4024 rnalaficio,
783 3969 900 4008 neccsse
919 3959 963 4008 cst
979 3969 1049 4008 cusu
1067 3969 1125 4007 rtau

58 4039 135 4093 posse
147 4031 253 4106 fieri-‘⁶
334 4036 335 4044 ’

64 4129 69 4142 ·
137 4116 363 4193 definitionibus.
381 4137 408 4175 v.
427 4115 491 4174 adn.
511 4116 546 4176 ml
565 4118 643 4176 Orat.
664 4138 689 4174 c.
708 4120 763 4189 35,
783 4123 854 4178 121.

112 4189 212 4259 “recti
221 4205 367 4280 prauique
380 4203 526 4280 paratibus.
558 4203 647 4284 ltecst
665 4205 789 4274 rcrham,
809 4217 839 4264 ut
850 4207 987 4268 docetur,
1007 4206 1125 4262 tierricu-

61 4286 169 4356 stratur,
188 4287 377 4364 cognoscitur
395 4298 451 4346 etc.
479 4287 549 4348 Ena.
578 4288 698 4348 tac-utus
713 4291 1034 4369 reprimor-quaeritur.
1061 4289 1123 4348 ilas
