2764 4978
320 469 382 532 ru
417 427 624 534 rancun
659 469 867 568 aaaron.
1082 439 1136 535 'se
1266 489 1272 504 ·

70 648 169 743 longa,
195 647 229 718 in
252 671 346 744 quern
369 639 489 743 optinre'
511 645 631 720 cadero
652 655 788 720 censent
812 655 954 720 ueteres:
977 671 1043 746 ‘ego
1071 642 1136 722 non
1232 729 1236 740 ¹

70 753 154 848 plane
174 749 306 841 reiieio,
333 749 392 822 sed
410 749 495 821 alios
516 761 691 846 antepono.
742 748 796 822 Ne
817 750 981 848 sporadeus
1003 753 1133 849 quidem
1142 769 1205 831 216

70 853 200 925 hruditus
218 861 270 925 θεῖ
290 853 526 950 repudiandus3
548 851 626 943 etsi,
648 851 735 949 quod
757 857 808 924 est
829 877 847 925 e
868 853 976 950 longis
999 855 1137 949 duabus,

70 957 203 1028 hebetior
218 956 349 1028 videtur
365 963 399 1027 ot
414 953 552 1028 tardior.
578 1019 585 1033 .
604 954 716 1026 Habet
736 963 844 1027 tarrlen
863 957 1014 1029 stabilem
1032 983 1139 1054 quen-

71 1058 132 1129 dam
151 1066 185 1132 et
205 1083 274 1132 non
295 1065 465 1154 expertem
488 1057 657 1154 dignitatis
683 1058 837 1152 gradum,
862 1057 898 1130 in
923 1059 1139 1133 incisionibus

71 1185 135 1233 uero
149 1161 252 1233 multo
270 1161 375 1256 magis
392 1168 426 1234 et
440 1162 476 1232 iu
493 1161 657 1233 rnornbris.
692 1159 898 1232 Paneitatem
916 1163 1003 1234 euim
1019 1163 1140 1260 pedum

72 1265 214 1358 paritate
240 1286 302 1336 sua
328 1271 361 1334 et
385 1262 539 1342 tarditate
564 1271 765 1359 compensat.
818 1261 888 1336 Sed
917 1265 977 1336 hos
1003 1287 1078 1336 oum
1103 1267 1140 1338 iu

48 1443 55 1462 1
72 1367 214 1440 clausulis
231 1365 499 1464 pedes‘nomino,
522 1391 587 1437 non
604 1366 722 1461 loquor
739 1367 779 1438 de
796 1391 861 1438 uno
879 1367 962 1464 pede
980 1376 1139 1440 extremo.

73 1468 213 1565 Adiungo
232 1467 337 1564 (quod
348 1468 519 1541 minimum
532 1466 795 1564 sithtproximurn
809 1471 1023 1566 superiorem,
1042 1493 1140 1567 saepe

73 1573 154 1644 etiam
179 1573 325 1645 tertium.
377 1569 431 1643 Ne
456 1573 585 1643 iambus
609 1570 755 1665 quidem,
785 1573 841 1668 qni
868 1581 918 1644 est
943 1597 962 1644 θ
987 1573 1078 1644 brevi
1105 1583 1209 1648 et2l⁷

74 1674 175 1771 longa,
205 1682 266 1746 aut
289 1695 352 1772 par
376 1672 497 1746 eboreo
522 1671 711 1766 trochaeus,
742 1675 798 1771 qui
823 1675 921 1747 habet
946 1675 1007 1747 tris
1033 1676 1141 1748 brevis

75 1777 120 1848 sed
139 1779 244 1876 spatio
267 1799 345 1874 par,
367 1799 433 1848 non
454 1776 605 1877 syllabis,
628 1777 805 1850 autetiam
827 1777 990 1873 dactylus,
1013 1778 1069 1874 qui
1092 1785 1143 1850 est
1259 1855 1261 1882 Ι

75 1879 198 1977 elonga
219 1887 254 1953 θῖ
275 1879 401 1951 duabus
424 1880 592 1972 brevibus,
615 1878 645 1951 εἰ
663 1887 713 1952 θεῖ
731 1880 901 1977 proximas
923 1903 944 1951 a
963 1891 1142 1978 postremo,

75 2005 174 2076 parum
193 1982 385 2055 volubiliter
397 1984 552 2078 pervenit
573 1981 615 2054 ad
638 1989 835 2080 eutromum,
859 1983 888 2054 si
906 1990 956 2056 θεῖ
977 1990 1142 2056 extremus

76 2083 215 2178 choreus,
234 2093 294 2157 aut
310 2084 486 2180 spondeus.
537 2081 715 2181 Nunquam
733 2086 821 2156 enim
836 2085 988 2177 interest,
1009 2093 1084 2158 nter
1101 2085 1145 2156 sit
1245 2151 1247 2156 ,

76 2209 172 2260 eorum
195 2189 233 2261 in
258 2186 341 2286 prede
367 2195 525 2259 extremo.
578 2185 649 2260 Sed
673 2187 773 2258 iidem
795 2187 829 2257 hi
849 2195 916 2260 tres
937 2187 1037 2284 pedes
1057 2187 1145 2260 malo

77 2289 278 2382 conoludunt,
301 2289 331 2361 si
352 2291 424 2387 quis
446 2313 558 2360 eorum
574 2289 609 2361 in
625 2290 776 2386 proximo
795 2289 836 2360 ab
854 2297 1000 2362 extremo
1018 2291 1145 2362 locatus

57 2399 130 2482 cst,
150 2393 213 2466 nisi
236 2417 313 2464 eum
333 2415 394 2489 pro
416 2391 536 2464 ohoreo
559 2400 616 2464 aut
637 2392 781 2488 spondeo
803 2393 944 2484 creticus
961 2401 1145 2492 postremus

78 2501 118 2562 θεῖ
136 2497 185 2568 vel
206 2495 369 2589 dactylus.
421 2491 516 2566 Nihil
534 2495 620 2567 enim
637 2495 789 2586 interest,
808 2496 956 2590 dactylus
975 2496 1018 2568 sit
1035 2503 1149 2567 entre·
1207 2491 1243 2565 ’.
1302 2551 1305 2570 .
1349 2541 1350 2546 1

78 2617 135 2667 unns
155 2620 197 2670 an
218 2597 380 2689 oretieus,
406 2597 484 2693 quie
505 2598 818 2694 postrema-syllaba
836 2599 952 2671 'brevis
978 2621 1021 2670 an
1046 2599 1147 2692 longa

78 2696 124 2788 εἰῖ,
143 2725 184 2773 ne
204 2702 242 2773 in
258 2716 355 2772 versa
377 2701 507 2796 quidem
528 2700 642 2772 refert.
693 2701 808 2792 Quare
824 2701 923 2772 etiam
939 2725 1067 2798 paeana
1084 2699 1214 2796 qni218

79 2797 148 2873 dixit
164 2805 341 2901 aptiorem,
363 2802 399 2873 in
416 2827 480 2899 quo
498 2811 586 2874 θεεθῖ
601 2803 702 2899 longa
719 2812 899 2900 postrema,
920 2805 1002 2874 vidit
1019 2822 1147 2899 parum,

79 2905 216 2996 quoniam
234 2905 319 2978 nihil
333 2905 378 2975 ad
396 2930 465 2998 renr
483 2913 547 2996 est,
566 2915 731 3002 postrema
748 2929 845 3002 quarn
862 2906 963 3002 longa
980 2906 1034 2976 sit.
1073 2903 1149 2976 Ianr

78 3025 184 3101 paean,
207 3007 296 3105 quod
317 3007 559 3104 plurisbabeat
575 3008 719 3103 syllabas
737 3031 832 3102 qaam
851 3009 928 3097 tris,
950 3031 1105 3082 nurnerus
1129 3031 1150 3078 a

79 3109 258 3198 quibusdam
275 3133 341 3181 uon
358 3135 416 3206 pes
434 3109 583 3180 babetur.
635 3107 702 3180 Est
722 3109 867 3206 quidem,
889 3118 927 3180 ut
942 3110 1027 3181 inter
1044 3108 1150 3180 omnis

80 3219 194 3286 constat
207 3213 372 3308 antiquos,
387 3211 614 3302 Aristotelem,
624 3209 903 3308 Theophrastum,
913 3209 1150 3302 Theodectern,

80 3303 252 3407 Ephorum,
270 3339 354 3386 unas
365 3315 559 3412 aptissimus
578 3313 720 3386 orationi
736 3313 788 3386 rel
805 3314 924 3386 orienti
939 3315 992 3386 vel
1009 3313 1151 3402 mediae3

81 3422 183 3504 putant
210 3419 264 3516 illi
280 3417 390 3489 'etiam
416 3417 563 3508 cadenti,
594 3443 657 3513 quo
683 3417 865 3516 borconnihi
890 3416 1020 3492 videtur
1045 3417 1152 3514 aptior

82 3518 223 3593 emtions.
275 3519 460 3593 Dochmius
491 3527 600 3592 orrtern
632 3545 651 3593 e
681 3521 824 3617 quinque
854 3519 1010 3615 syllabis,
1046 3518 1151 3609 brevi,
1214 3515 1215 3522 '
1319 3601 1322 3614 Ι

83 3613 195 3694 duabus
221 3621 347 3718 longis,
373 3624 480 3713 brevi,
507 3623 608 3718 longa
633 3631 669 3694 ut
695 3630 747 3694 θεῖ
771 3621 851 3714 Ιιθθ,
878 3621 1026 3694 Amicos
1049 3631 1153 3693 torres

83 3725 284 3810 «canuslnus
311 3733 405 3822 aptus
431 3735 497 3816 θεῖ,
525 3725 601 3796 dum
627 3725 728 3796 semel
754 3733 909 3822 ponatur:
936 3726 1076 3796 iteratas
1096 3731 1154 3794 aut

84 3826 280 3915 continuatus
309 3851 478 3900 numerum
509 3835 658 3923 apsentem
684 3835 718 3898 et
742 3827 839 3898 nimis
869 3827 1032 3922 insignem
1059 3825 1152 3897 lacit.

84 3915 138 3995 His
157 3929 257 4024 igitar
277 3939 326 4002 tot
346 3929 652 4000 commutationibus
673 3937 805 4025 tamque
826 3929 926 4000 uariis
951 3929 981 4000 si
1005 3938 1220 4016 uternur,219

86 4043 138 4095 nee
158 4029 416 4130 deprehendetur
436 4031 626 4123 manifesto,
654 4030 733 4126 ipnid
757 4053 779 4103 a
805 4031 900 4102 nohis
916 4031 967 4102 -de
992 4030 1156 4102 industria
1232 4050 1234 4060 ³

87 4123 149 4220 liat,
166 4141 406 4209 etoec-urretnr
422 4133 577 4207 satietatis
1148 4139 1154 4146 '

178 4335 297 4412 va.
349 4336 397 4411 Et
418 4339 495 4436 qnia
517 4361 582 4410 non
605 4363 739 4411 nurnero
760 4339 868 4410 'solnm
887 4359 1060 4410 numerosa
1079 4359 1157 4407 ora-
