2678 4974
491 447 734 505 scaevum.
926 493 932 514 ,
982 436 986 442 “
1114 451 1194 521 ην·
1236 411 1240 420 ⁴

10 687 11 694 η
79 625 190 684 historia
212 621 426 704 Thucydidem:
456 625 587 704 exempla
609 621 729 686 secundi
751 624 869 702 generis
894 623 926 691 in
950 622 1077 686 heroicis
1100 624 1160 690 lle-
1233 632 1238 643 '

10 747 12 768 .
78 709 196 782 siodnm3
227 710 362 790 Sappho,
386 706 601 772 Ammontem
625 719 655 770 et
678 709 854 770 Simonidem
877 711 906 768 in
929 711 1045 789 lyricis3
1076 732 1158 772 unum

77 793 236 875 Euripidem
261 796 289 854 in
312 794 482 873 tragoedio3
507 797 584 856 inter
605 796 759 854 historicos
783 795 927 874 Dphoruna
950 807 980 856 et
996 797 1159 876 Theopom-

59 873 150 961 'pum3
171 881 332 940 Isocratem
351 883 428 940 inter
446 891 590 942 oratores.
630 881 798 960 Scriptores
816 892 910 940 autem
928 883 1009 944 tertii
1027 885 1156 960 generis,

76 969 129 1026 sive
143 967 273 1025 feliciter
284 956 462 1044 temper'atac
478 967 628 1040 orationis,
647 968 677 1026 in
693 967 776 1046 epiea
794 967 876 1046 poesi
891 968 974 1045 ponit
987 966 1157 1042 llomerum3

9 1049 12 1064 '
77 1052 267 1110 Stesichorum
291 1062 321 1110 et
338 1051 477 1110 Alcaeum
500 1053 529 1110 in
551 1053 666 1132 lyricis3
691 1053 720 1110 in
742 1050 1104 1130 tragoediasophoclem3
1129 1055 1159 1114 in

75 1137 186 1196 historia
205 1137 401 1209 Herodotum
427 1138 456 1195 in
480 1138 643 1216 eloquentie
660 1134 900 1212 Demosthenem
926 1139 955 1196 in
977 1138 1159 1218 philosophia

75 1221 280 1293 Democritum,
311 1221 459 1280 Platonem
483 1234 512 1281 et
534 1223 733 1282 Aristotelem.
780 1222 911 1302 Exempli
934 1242 1022 1282 causa
1044 1226 1157 1302 paulum

76 1327 279 1366 commoremur
301 1309 329 1366 in
354 1307 541 1366 historicis.“
587 1307 618 1368 ln
636 1307 830 1388 Xenophonte
854 1309 948 1368 omnia
971 1319 1036 1368 sunt
1057 1309 1158 1370 mode·

75 1404 145 1464 rata,
164 1413 271 1452 sensus
290 1393 376 1452 animi
394 1394 509 1452 ratione
528 1396 693 1474 temperati.
739 1392 784 1454 De
808 1412 843 1452 eo
867 1392 925 1452 vid.
946 1391 1068 1472 Dionys.
1090 1395 1154 1456 Hal.

75 1479 151 1556 epist.
172 1477 210 1537 ad
231 1472 286 1538 Cn.
304 1477 438 1558 Pompei.
460 1498 488 1538 c.
508 1482 540 1538 4.
561 1477 630 1538 Vol.
650 1480 682 1538 6.
703 1500 734 1559 p.
751 1479 825 1539 777.
851 1479 969 1552 Quintil.
990 1481 1042 1550 10,
1064 1482 1095 1549 1,
1115 1482 1157 1542 33

75 1564 134 1638 coll.
155 1563 239 1622 Orat.
260 1566 313 1634 19,
334 1565 387 1623 62.
434 1563 462 1622 ls
482 1575 526 1626 est
544 1565 704 1644 exemplum
723 1566 817 1624 tenuis
836 1565 991 1636 orationis,
1015 1585 1044 1624 v.
1066 1566 1157 1625 Cren-

8 1683 9 1690 .
73 1643 223 1708 zer.'llist.
247 1649 341 1708 Knnst
359 1648 388 1707 d.
410 1647 461 1708 Gr.
482 1671 512 1729 p.
533 1651 622 1722 310.,
647 1651 694 1730 qni
712 1661 810 1711 monet
831 1651 889 1710 loci
907 1647 1051 1710 Auahasis
1069 1652 1101 1722 7,
1121 1655 1155 1726 4,

75 1735 109 1792 12
125 1755 187 1817 sqq.
214 1745 247 1794 et
273 1736 446 1794 narrationis
472 1736 513 1794 ibi
540 1737 652 1814 positae
680 1734 716 1796 dc
739 1736 847 1815 'l'bynis
869 1746 1010 1796 nocturno
1033 1735 1157 1808 hostium

74 1818 189 1878 adventu
217 1821 382 1900 oppressis,
412 1831 442 1879 et
467 1818 612 1882 Anahasis
640 1822 678 1894 2,
706 1821 737 1881 5.
761 1820 803 1882 >de
831 1820 950 1882 ducibus
978 1819 1157 1882 Graecorum
1221 1876 1225 1890 „

74 1905 246 1978 interfectis,
271 1905 373 1984 quihus
391 1906 520 1966 exlocis
537 1918 651 1986 pateat,
675 1907 722 1967 vel
739 1908 769 1966 iu
788 1905 927 1968 eiusmodi
945 1909 1073 1980 eventis,
1095 1909 1157 1987 qui-

73 1987 117 2048 hus
137 1993 223 2054 animi
249 1991 295 2050 vel
318 1992 441 2052 maxime
463 1993 541 2052 affici
563 1993 691 2064 soleant,
720 1993 879 2054 orationem
901 1992 983 2054 huius
1005 1994 1156 2071 scriptoris
1275 1988 1278 2000 ¹

73 2075 235 2148 infucatam,
266 2078 361 2137 animo
383 2077 544 2138 lentamet
565 2079 745 2157 tranquillam
769 2097 846 2140 esse.
890 2076 932 2136 At
952 2079 982 2136 in
1006 2077 1157 2141 Herodoto

74 2172 111 2220 est
131 2164 217 2222 animi
243 2161 356 2242 qnidam
380 2163 505 2235 candor,
531 2163 671 2243 quaedam
692 2163 837 2236 hilaritas,
867 2161 1153 2236 iudicii'sinceritos,

73 2265 167 2325 magua
199 2268 312 2308 rernm⁴
328 2247 541 2326 descriptarum
569 2248 731 2320 evidentia,
765 2267 858 2328 eaque
884 2249 1090 2326 tranquillitas,
1123 2261 1156 2308 ut
1253 2268 1256 2274 ·

75 2335 205 2394 orationis
230 2335 347 2394 flumine
369 2335 475 2399 leniter
498 2345 529 2393 et
552 2335 633 2413 quasi
660 2335 722 2394 sine
748 2334 871 2404 salebris
898 2335 1059 2413 prolluente
1083 2334 1156 2394 ferri
1255 2355 1258 2374 ·

6 2427 8 2472 i
72 2417 205 2479 videatur.
256 2419 301 2479 De
321 2439 357 2479 eo
375 2440 403 2495 v,
424 2419 547 2499 Dionys.
569 2419 661 2480 Halic.
682 2419 767 2499 epist.
788 2418 825 2479 ad
845 2419 898 2478 Cn.
920 2418 1049 2497 Pompei.
1071 2439 1099 2477 c.
1120 2421 1153 2480 3.

6 2503 7 2508 ’
73 2522 98 2581 p.
116 2505 176 2565 766
195 2525 263 2586 sqq.
289 2505 352 2565 (lic.
374 2505 456 2566 Orat.
477 2508 530 2577 12,
550 2507 603 2566 39.
630 2506 747 2580 Quimit.
769 2508 822 2577 10,
843 2506 947 2577 1,.73.
969 2506 1043 2564 101.
1081 2503 1175 2591 Huic,
1232 2495 1239 2510 '

73 2590 197 2650 tribuitur
225 2611 319 2670 genus
345 2590 468 2652 medinm
497 2586 619 2671 (ἠθικὸν
644 2611 674 2652 v.
701 2591 764 2652 Cic.
791 2591 873 2652 Drat.
897 2591 950 2661 37,
976 2592 1064 2664 128.)
1093 2589 1154 2652 sive

72 2669 100 2734 cd
116 2670 224 2748 κάλλος
241 2674 341 2758 ἱλαρὸν
359 2689 390 2736 et
406 2675 463 2743 τῶν
479 2673 579 2758 ἠθέων
595 2681 723 2757 μίμησις,
744 2688 779 2738 ut·
798 2678 924 2756 loquitur
941 2674 1063 2757 Dionys.
1085 2675 1152 2736 llal.

72 2779 106 2855 η..
115 2763 187 2835 777,
214 2763 264 2834 6.,
292 2774 442 2842 postquam
465 2784 501 2843 p..
516 2764 590 2834 776,
614 2767 667 2822 14.
698 2765 862 2843 praemisit:
890 2760 939 2842 τῆς
964 2744 997 2824 di
1023 2755 1156 2844 φράσεως
1284 2806 1290 2816 ,

72 2865 120 2905 νων
136 2842 291 2928 ὀνομάτων
305 2843 339 2910 τὸ
357 2849 408 2928 μὲν
425 2843 603 2928 κατὰφύσιν
620 2842 751 2928 ἐζήλωκε.
785 2848 911 2909 bladium
931 2847 1043 2926 quidem
1062 2867 1155 2925 genus

73 2933 171 3012 antiqui
189 2933 333 2994 historiae
351 2934 683 2998 accommodatissimum·
695 2934 849 3005 habebant,
869 2955 899 2994 v.
917 2933 980 2992 Cic.
999 2932 1079 2992 Orat.
1097 2935 1152 3004 20,

73 3016 118 3076 66.
155 3019 186 3078 ln
205 3019 376 3100 Thucydide
396 3019 519 3100 denique
531 3031 584 3080 'est
602 3020 712 3098 grando
732 3018 864 3099 quiddam
883 3029 913 3078 et
931 3019 1051 3089 elotum,
1077 3015 1155 3096 quod

73 3102 129 3161 aliis
155 3123 272 3184 quoque
298 3105 449 3166 virtutibus
480 3105 648 3170 illustratur.
695 3104 768 3164 Huic
800 3123 872 3182 ergo
904 3103 1032 3162 tribuunt
1062 3121 1154 3181 genus

73 3183 180 3249 dicendi
208 3191 347 3264 sublime,
374 3186 408 3252 τὸ
431 3184 612 3270 παθητικόν,
642 3196 682 3264 (ν.
703 3190 767 3250 Cic.
788 3189 870 3258 Brut.
890 3189 943 3260 37,
965 3191 1068 3261 tes),
1096 3185 1154 3249 νῶν

72 3274 171 3336 παθῶν
193 3279 324 3358 μίμησιν,
345 3271 380 3338 τὸ
403 3272 507 3350 demde,
531 3278 716 3354 gravitatem,
741 3273 827 3354 idque
850 3275 975 3336 maxime
995 3275 1025 3332 in
1044 3274 1155 3332 oratio-

73 3358 161 3431 nihus,
192 3381 284 3442 quare
308 3363 467 3443 Dionysius
487 3362 551 3422 llal.
573 3363 593 3421 l.
615 3381 642 3421 c.
668 3383 699 3440 p.
720 3363 794 3431 776,
820 3361 872 3422 17.
898 3359 993 3420 addit:
1022 3355 1155 3438 ὁμοειδὴς

72 3437 119 3524 γὰρ
135 3435 220 3520 οὗτος
237 3452 266 3508 ἐν
287 3446 371 3522 πᾶσι,
395 3446 450 3510 κάν
467 3459 529 3520 ταῖς
546 3450 730 3529 δημηγορίαις
745 3445 855 3525 μᾶλλον
871 3438 889 3526 ἢ
907 3457 970 3518 ταῖς
986 3439 1153 3525 διηγήσεσιν.
1187 3523 1190 3528 Ἢ

73 3527 129 3588 Cic.
149 3532 233 3592 Drat.
255 3536 308 3606 12,
328 3536 381 3596 39.
402 3545 433 3594 et
452 3535 569 3608 Quintil.
590 3537 643 3604 10,
664 3536 696 3604 1,
717 3535 770 3593 73.
791 3533 864 3611 aptis
883 3531 979 3590 verbis
1002 3549 1153 3609 compara·

72 3613 158 3675 tiones
189 3620 376 3678 instituerunt
409 3622 487 3680 inter
517 3618 716 3699 Thucydidem
744 3629 774 3678 et
805 3616 1153 3695 herodotum‚·unaquo

73 3694 179 3761 dicendi
204 3707 321 3782 generis
343 3703 486 3764 moderati
509 3717 539 3764 ct
560 3705 699 3765 sublimis.
743 3703 911 3777 Quintiliani
940 3701 1063 3780 quidem.
1079 3701 1154 3760 haec

73 3785 152 3845 rerba
171 3801 252 3848 sunt:
277 3791 384 3850 densus
408 3790 579 3869 (gedrttngt,
599 3792 656 3850 voll
676 3787 846 3860 Gedanlren)
871 3798 904 3848 ct
919 3787 1016 3849 brevis
1033 3796 1066 3848 ct
1079 3807 1155 3846 sem-

69 3875 328 3941 pertusensem·
349 3877 421 3948 (sich
439 3878 525 3936 keine
544 3878 609 3936 Zeit
630 3873 764 3946 lassend,
786 3874 980 3952 kurzgelasst)
1010 3873 1154 3949 Thucydi-

75 3953 135 4014 des.-
158 3961 253 4042 dudct's
271 3971 303 4019 et
317 3962 463 4022 'condidus
481 3973 513 4020 et
523 3960 614 4039 susus
638 3960 826 4038 (angenchra,
846 3960 911 4022 klat'
927 3956 985 4018 und
1002 3955 1151 4028 hiessend)

74 4037 254 4122 teredones
278 4048 329 4106 illc
353 4050 525 4119 concitatis,
555 4049 603 4106 dic
625 4049 755 4106 remissis
777 4043 934 4125 affectibus
955 4045 1076 4106 meliors
1102 4043 1154 4100 ille

75 4130 339 4204 conclamem-tic
355 4133 554 4192 sermonibus:
575 4135 626 4192 illc
643 4135 688 4204 ei,
708 4133 756 4192 tic
774 4134 935 4209 voluptate.
984 4129 1061 4201 Quos
1080 4127 1154 4186 scri-

75 4215 166 4280 ptores
193 4214 322 4276 Graecos
349 4219 372 4278 si
401 4238 463 4278 cunr
494 4218 702 4298 probatissimis
731 4219 810 4278 inter
834 4216 955 4276 Latinos
987 4231 1151 4290 compares,

76 4289 178 4358 Caesar
193 4300 385 4384 Xenophonti
398 4305 497 4364 similis
516 4315 560 4366 cst
578 4304 779 4385 simplicitate,
798 4302 957 4364 subtilitate
976 4309 1006 4360 et
1024 4295 1152 4360 candore

911 4399 937 4466 F
