2684 4990
405 481 498 546 aar.
517 480 620 534 xxm
641 481 675 532 m
694 483 787 533 -m
927 503 933 530 .
997 517 999 522 ,
1077 481 1147 546 ,ω

68 656 171 716 veniunt
197 653 347 714 adiuncta:
376 654 502 718 licenter
524 673 646 728 errare5
674 673 740 714 uam
762 673 863 725 errare
885 665 930 714 est
953 673 1067 727 eorum,
1091 659 1142 736 ‘qui
1229 656 1234 670 “

68 743 140 800 inam
161 740 259 800 sedem
276 761 334 800 nou
352 739 472 813 babent,
499 759 554 800 noc
572 751 682 800 rectam
699 742 773 799 mam
791 752 909 812 norunt,
936 761 991 800 nec
1011 743 1142 800 consulto

66 838 192 905 vagantur
214 837 244 888 et
266 847 316 886 sua
339 838 455 908 sponte,
482 825 533 887 sed
556 827 636 886 inviti
659 825 835 897 discurrunt,
863 827 919 886 vid.
938 825 1008 886 ibid.
1025 827 1092 888 Vol.
1111 829 1154 887 t.

66 933 88 991 r·
106 915 142 972 88
161 931 203 992 rr·
258 983 262 1000 ,
338 955 345 984 .
1051 989 1053 1000 .

139 997 176 1057 ll.
197 1009 417 1076 coagmentare.
440 997 516 1057 abne
538 998 636 1076 [lagen
659 997 836 1058 verbiaten.
853 997 1081 1076 „Goagmeutari
1099 997 1142 1058 di·

66 1095 156 1144 cuutur
171 1085 275 1156 verba,
302 1095 334 1142 ut
351 1086 379 1142 in
398 1083 487 1142 Bruto
508 1085 560 1155 17,
584 1086 650 1154 68.,
674 1103 747 1162 quae
765 1094 822 1142 tam
840 1094 906 1163 apte
925 1095 1141 1162 componantur,
1209 1090 1214 1102 '

65 1180 90 1226 ut
104 1171 205 1229 vitetur
222 1170 316 1230 hiatus
335 1189 477 1228 concursu
494 1169 668 1231 vocalium.“
685 1169 749 1228 Bur.

139 1257 189 1314 e'lle
213 1265 352 1333 tanquam
367 1258 473 1314 lu'atus
494 1275 638 1314 concursu
660 1257 823 1314 vocalium.
836 1253 888 1314 lul.
912 1253 1017 1314 Victor
1037 1275 1066 1333 p.
1089 1255 1141 1315 99.

64 1341 146 1400 labet
166 1342 266 1401 leiatus
287 1343 339 1400 ille
362 1351 394 1399 ct
409 1360 569 1400 concursus
588 1342 731 1400 vocalium
753 1343 839 1399 molle
863 1351 895 1399 et
914 1343 1000 1418 quod.
1025 1340 1142 1413 Quintil.

64 1427 92 1496 9,
111 1429 143 1498 4,
166 1427 217 1485 37.
236 1427 330 1486 natet
345 1427 396 1486 ille
415 1435 553 1504 tanquam
571 1427 670 1486 bintus
687 1436 721 1484 et
734 1445 894 1486 concursus
910 1427 1054 1484 vocalium
1073 1435 1141 1498 eta,

63 1522 107 1580 „ut
127 1513 163 1570 sit
184 1512 278 1590 figura
300 1511 329 1574 ir
350 1507 400 1572 deci
421 1515 511 1584 doctr,
539 1512 632 1570 hiatus
650 1515 881 1571 concurrentium
899 1512 1052 1583 vocalium,
1080 1512 1141 1570 sive

64 1615 208 1656 concursus
230 1598 356 1669 hialam,
384 1609 416 1656 ut
433 1596 469 1656 de
489 1597 567 1656 Orat.
587 1599 620 1668 3,
647 1599 702 1667 43,
732 1599 826 1657 171.“
853 1595 917 1656 Bm.
944 1583 1142 1675 ln‘exemplar

64 1701 132 1741 suum
157 1682 245 1742 Beier
267 1685 382 1762 recepit
405 1683 624 1756 Quintiliauoam
647 1683 816 1754 lectionem,
844 1703 916 1762 quae
938 1681 1006 1742 mihi
1028 1701 1141 1762 quoquo

63 1766 172 1843 placuitq
192 1771 241 1828 vix
261 1771 335 1828 enim
355 1768 454 1828 dicere
472 1760 584 1846 potuit?
600 1779 742 1847 „propter
759 1768 851 1847 ipsum
870 1787 1039 1828 concursum
1053 1787 1143 1827 voca·

63 1851 119 1910 lium
144 1854 250 1914 hiatum
273 1855 350 1913 illum
369 1854 477 1913 habero
495 1855 581 1912 molle
600 1853 732 1932 quiddam
754 1856 846 1928 4⁰);“
870 1873 907 1913 nc
929 1854 1029 1924 facile,
1058 1873 1140 1932 quum

64 1949 121 1996 casu
139 1939 296 2000 excidisset
314 1951 352 2012 at,
373 1936 563 1998 emendabant
580 1959 733 2000 concursu.
769 1939 848 1998 Eius.
869 1941 884 1998 1
906 1951 937 1998 ut
954 1940 1038 2010 solet,
1059 1940 1142 1998 omit-
1242 1931 1246 1952 ’

62 2022 91 2079 tit
108 2025 247 2084 vocabula
271 2037 469 2084 contraversa.
513 2025 606 2084 Habet
629 2026 703 2083 enim
726 2026 787 2084 sict
815 2035 952 2104 tanquam
976 2026 1075 2084 letatus
1090 2043 1142 2084 co-

64 2109 165 2169 ralium.
210 2109 274 2170 Sed
300 2111 450 2170 manifesto
478 2111 566 2170 lectio
593 2110 708 2188 vulgata
734 2111 853 2170 similem
879 2129 997 2188 prorsus
1025 2098 1147 2188 e'xbibet

64 2210 188 2268 errorem,
209 2197 321 2276 qualem
341 2197 367 2273 ἕ.
387 2197 459 2256 216.
478 2197 578 2255 sustuli
598 2194 688 2254 edens
706 2215 769 2254 cum
788 2195 889 2254 Rufino
909 2195 1140 2254 ctcodicellins.

61 2283 199 2353 grauitate
219 2301 277 2340 saa
299 2293 331 2341 at
346 2283 490 2341 tarditate
507 2301 560 2360 pro
578 2279 703 2340 absurda
720 2281 863 2340 lectione:
890 2282 1053 2358 grauitatis
1069 2299 1141 2340 suae

63 2367 201 2442 tarditate.
222 2367 276 2426 Ona
966 2367 968 2370 ’
996 2443 997 2446 ¹

135 2471 192 2510 non
211 2449 370 2530 ingratam
381 2450 605 2530 negligentiam.
625 2451 705 2510 luter
722 2454 872 2529 ingratam
888 2452 1140 2529 otnegligentiam

63 2533 138 2593 elul.
154 2536 277 2598 Victore
296 2559 324 2617 p.
343 2539 414 2598 107.
433 2537 570 2618 Meyerus
588 2538 709 2596 inseruit
727 2539 882 2616 quandam,
902 2557 957 2616 quo
976 2547 1070 2596 tamen
1088 2557 1141 2595 vo·

62 2617 150 2679 cabulo
172 2624 261 2682 iacile
285 2643 415 2684 caremus
435 2635 502 2702 post
524 2625 654 2704 quidam,
683 2633 718 2682 ut
736 2625 796 2682 scis
811 2657 854 2668 -—
871 2625 991 2682 ratione
1015 2624 1140 2700 quadarn

60 2735 96 2748 -—
110 2708 233 2768 solamm
253 2711 390 2787 quiddam
407 2743 451 2754 —-·
467 2711 555 2768 molle
573 2711 720 2786 quiddam.
763 2707 890 2768 Accedit
907 2722 1031 2788 sequens
1050 2727 1140 2787 quae·

62 2789 118 2848 dam
135 2797 222 2853 etiam
242 2788 437 2873 neglegentia.
458 2795 500 2854 ln.

133 2883 228 2957 magis
245 2913 289 2924 —-
306 2881 481 2940 laborantis.
500 2879 602 2950 diues,
627 2875 691 2938 de'm
710 2879 791 2938 mebr
808 2899 854 2937 um
872 2877 919 2937 die
939 2878 1067 2949 Saoben,
1096 2879 1139 2938 als

60 2975 98 3017 uu
115 2959 159 3022 die
176 2966 285 3024 Warte
303 2985 339 3024 zu
357 2965 426 3024 thun
444 2967 491 3024 ist.
536 2964 739 3024 Commentarii
757 2965 824 3027 loco
842 2974 927 3022 erunt
943 2963 1033 3022 verba
1051 2963 1139 3036 Quin-

59 3043 139 3105 tiliani
156 3051 185 3122 9,
204 3056 236 3122 4,
256 3051 297 3110 33
314 3085 358 3096 -
375 3051 427 3109 37.
582 3117 585 3133 ‚
820 3068 836 3092 ·'
1086 3074 1090 3081 “

18 3191 19 3196 ,
59 3212 73 3270 h
134 3134 160 3210 §-
187 3137 240 3196 78.
267 3137 485 3214 conglutinatio
511 3135 675 3194 uerborum
707 3135 869 3195 commissio
896 3133 1049 3194 verborum
1076 3133 1138 3193 tino

75 3213 136 3276 iatu.
609 3265 611 3272 ,
934 3241 940 3248 ·
1066 3239 1069 3242 ·

134 3313 291 3366 contracta
309 3317 342 3366 et
356 3309 478 3366 minuta.
512 3307 667 3366 Contracta
686 3324 723 3365 ex
740 3306 834 3380 hiatu3
863 3308 982 3376 minuta,
1010 3324 1067 3364 nau
1085 3323 1138 3384 pe·
1194 3331 1202 3340 ·

58 3384 172 3462 u'odioa,
203 3389 257 3452 sad
283 3391 410 3451 membra
436 3403 466 3452 ot
491 3393 592 3472 incisa.
636 3391 710 3474 Nam
737 3403 917 3472 opponuntur
944 3389 1080 3450 cirduitus
1107 3401 1139 3450 et

58 3475 255 3550 conglutinatio
277 3477 440 3537 verborum.
463 3477 535 3538 Eun.
588 3477 696 3552 Recte3
725 3499 789 3536 nam
811 3489 842 3537 ut
859 3479 888 3536 in
907 3475 1136 3556 coagmentando

58 3619 262 3652 ψ-

71 3793 75 3805 .
116 3727 151 3789 ⁴⁰)
166 3735 305 3794 vulgatam
317 3735 383 3782 nibil
395 3737 501 3796 impedit
514 3737 551 3786 eia
564 3737 688 3796 intelligi:
706 3737 803 3795 hiatur,
819 3737 863 3794 qui
875 3737 903 3787 fit
916 3749 1043 3784 concursu
1056 3749 1136 3784 uoca-

58 3789 119 3843 lium.
138 3799 172 3848 Et
182 3803 223 3849 vel
233 3803 433 3864 explicationem
443 3805 534 3852 Orellii
543 3809 619 3852 certia
629 3807 726 3852 lerunt:
740 3819 799 3853 num
809 3805 926 3862 protecto
936 3819 1079 3852 concursus
1088 3819 1135 3852 vo·

57 3861 143 3940 tolium
155 3871 233 3918 molle
247 3872 311 3918 illud
325 3872 415 3934 efficit,
430 3875 489 3931 quia
501 3874 629 3921 vocalium
641 3885 722 3920 nouus
735 3873 834 3930 mollis,
848 3874 1046 3920 consonantium
1059 3887 1136 3934 unpe-

56 3940 103 3978 Ποῖ
116 3939 162 3986 eae.
184 3940 266 4001 Adde,
281 3940 349 3998 quod
361 3948 480 3988 coeantea
494 3943 595 4001 literae,
611 3955 677 4002 quae
690 3937 848 3996 acuatacuat
861 3941 989 4000 dicantur,
1005 3944 1084 3988 ctiam
1098 3941 1135 3987 le-

57 4000 260 4069 ntoremfaca'ant
268 4011 419 4068 orationem,
431 4019 507 4070 quam
517 4012 542 4056 ai
549 4011 635 4056 omnia
643 4010 723 4056 uerba
732 4008 838 4069 suofine
847 4009 1022 4070 claudantur5
1036 4017 1134 4062 otnan-

56 4075 177 4130 Moquam
185 4075 274 4124 blatea
282 4079 362 4124 etiam
371 4077 468 4136 decent,
472 4080 632 4140 faciantque
641 4077 1135 4140 amplioraquaedana,utl'alcbraara-

58 4136 119 4183 tione
132 4150 196 4192 acta
208 4148 308 4194 onrnina
322 4149 434 4194 iactare.
454 4147 518 4205 Tum
531 4147 622 4207 longae
632 4161 682 4206 per
694 4160 720 4196 aa
733 4154 761 4193 at
770 4149 843 4200 uelut
851 4150 949 4208 opimae
958 4147 1074 4208 syllabae
1082 4147 1135 4192 ali-

58 4206 112 4260 quid
131 4213 208 4258 ettam
226 4215 302 4262 taedii
320 4216 439 4275 temporis
457 4217 527 4262 inter
544 4213 658 4275 uocales,
682 4217 760 4278 quari
774 4218 969 4280 intermitatur,
992 4221 1135 4262 assumunt.
1196 4223 1198 4228 ’

59 4267 157 4352 Quintil.
170 4283 194 4342 a,
208 4284 233 4344 t,
248 4285 288 4330 36.
301 4271 471 4344 Nihilomigia
484 4283 547 4332 mihi
560 4286 683 4346 probatur
697 4273 825 4347 scriptura
834 4286 881 4332 lul.
893 4283 1005 4340 Victoria
1015 4285 1041 4330 et
1050 4283 1134 4336 Quiu-

58 4338 145 4394 tiliam:
159 4347 330 4400 neeessariam
344 4365 402 4400 esce
415 4367 465 4402 non
481 4355 550 4414 puto.
