2678 4974
433 465 532 522 00Ρο
545 464 618 516 xlii.
645 467 688 516 14.
707 467 748 518 iit.
1060 463 1130 526 {525

60 638 131 694 tinne
147 638 279 714 loquitur,
298 637 525 698 observationem
540 635 689 718 quantun,
708 657 780 716 quae
797 636 833 696 ai
852 636 907 698 litto
925 637 1013 716 ptime
1032 636 1127 716 capitu

60 723 240 782 cummuniter
257 724 572 816 spoctat‚=puaenittit=
608 725 658 785 Ac
675 725 732 789 duo
751 723 880 782 breta'ter
897 757 935 773 ψ
955 724 1127 782 00000010.

58 805 134 864 Nunc
153 827 224 888 vaco
242 807 278 866 ad
296 810 424 886 priunum,
448 825 522 886 quoe
538 819 583 866 est
600 806 637 866 00
655 808 818 867 inventione
826 809 837 878 ,'
858 806 1075 885 disputationem
1094 825 1127 866 so

58 892 146 948 nectit.
190 891 325 951 Absolvit
345 893 416 952 hunc
432 894 581 952 =muteuinm
607 893 632 969 §.
650 895 702 954 49.
745 893 813 952 Tnut
836 891 987 951 secantium
1004 902 1125 970 00000,

58 977 284 1047 collocationem,
305 980 422 1056 suscipit
439 979 465 1054 ἓ.
484 981 534 1039 50.
577 982 638 1042 lum
656 997 724 1036 uero
744 997 780 1036 eu
798 995 872 1054 qaus
890 979 1048 1048 obuenerit,
1068 995 1127 1054 qna

58 1061 210 1139 diligentia
241 1064 423 1122 collocabit?
457 1065 592 1140 quonium
623 1065 655 1120 id
682 1063 837 1122 secundnm
869 1072 937 1122 erut
961 1064 996 1120 dc
1022 1061 1124 1120 tribas.

57 1145 189 1205 Breviter·
211 1163 271 1206 cunt
292 1157 408 1219 tractet,
436 1147 535 1226 bisque
557 1148 652 1208 vorbis
674 1159 761 1206 totone
785 1145 930 1206 concludit
952 1145 1125 1224 disquisitio

58 1249 129 1288 netu:
167 1237 269 1310 Atque
296 1235 326 1292 iu
348 1235 454 1310 petitus
479 1233 591 1294 tuctus
617 1235 737 1292 dc'ceuclc'
755 1232 893 1310 partibus
918 1231 1014 1309 qualis
1040 1241 1123 1302 esset,

56 1320 212 1375 summatim
228 1317 413 1395 tceoi‘terque
435 1319 668 1395 0100πέ000001
701 1317 777 1377 tini.

134 1422 194 1478 qua
213 1412 308 1460 tauteu
326 1435 368 1447 -
384 1421 478 1462 vaona
491 1404 661 1480 prudentia.
697 1401 805 1460 Locum
819 1401 948 1460 uitiosum
967 1398 1125 1460 00000100-

58 1495 115 1542 cuul
137 1507 247 1544 omues.
292 1485 324 1545 10
348 1488 522 1546 coniecturis
542 1489 666 1546 virorum
689 1483 835 1545 ductorium
860 1485 963 1566 optimu
987 1495 1031 1542 est
1053 1483 1124 1542 Phil.

57 1568 295 1632 blelunclttliouisc
321 1591 396 1650 quae
415 1582 513 1632 *tamen
535 1591 593 1650 qao
615 1575 645 1632 c‘a
669 1591 758 1633 causa
781 1581 828 1630 est
842 1589 935 1630 uacua
952 1571 1124 1648 prudentia.

58 1654 96 1711 Fr.
116 1649 258 1734 Gryphius
277 1660 306 1717 2.
329 1656 401 1728 iant,
420 1660 456 1715 2..
474 1677 532 1734 qua
554 1659 630 1716 canito
651 1659 682 1716 ia
704 1675 795 1716 cauca
817 1666 864 1714 cat
883 1671 976 1714 caeca
993 1655 1125 1732 pradon-
1170 1648 1174 1672 ¹

59 1741 125 1796 tt'a.·‘
149 1741 222 1800 Eun.
250 1740 314 1800 Ati.
339 1743 372 1816 (1
394 1763 431 1800 00
448 1744 502 1814 21)
518 1752 571 1802 et·
587 1741 716 1800 Lumbiu.
743 1761 818 1819 quae
844 1750 939 1800 tamea
966 1757 1055 1799 cuasa
1082 1747 1128 1796 cst

58 1843 142 1884 vocuo
165 1829 335 1904 protentio.
371 1826 450 1885 Eius.
475 1847 532 1905 qua
555 1837 650 1886 tamen
679 1829 709 1886 t'n
735 1845 825 1894 oetan
849 1845 943 1886 naoau
964 1825 1126 1902 prudentia

59 1911 155 1968 omisso
180 1922 231 1972 est.
268 1913 327 1970 vic.
350 1911 400 1970 Dc.
422 1913 496 1972 Ven.
519 1914 548 1970 t.
571 1911 649 1970 ltnt.
672 1911 744 1972 luut.
764 1913 791 1970 1.
815 1909 881 1970 ΑΙο.
905 1909 984 1970 Guat.
1007 1908 1074 1966 Eua.
1095 1910 1123 1965 l.

59 1993 119 2052 Scit.
138 1995 188 2056 00.
208 2017 265 2074 qao
284 2008 379 2056 tutaca
397 1999 428 2056 ia
447 2015 536 2056 cacan
554 2007 603 2056 eat.
619 2016 712 2056 00000
729 1998 899 2074 prudentie.
924 1994 996 2053 Veu.
1015 1996 1044 2054 2.
1062 1994 1124 2051 Tul.

59 2097 125 2152 qunc
143 2083 220 2153 cutim
238 2101 327 2140 causa
345 2091 392 2140 est
405 2099 499 2142 vacua
511 2083 682 2160 prudentia.
718 2080 865 2140 Acidulius
885 2078 921 2138 ad
939 2079 1042 2138 Vellci.
1063 2077 1124 2136 Pul.

59 2181 81 2237 p.
100 2167 192 2224 1103.
220 2166 329 2224 liubuk.
349 2186 423 2244 qaue
442 2177 537 2226 tumen
556 2169 586 2226 ia
603 2185 664 2244 qua
680 2185 769 2224 cacan
787 2176 832 2223 est
848 2183 940 2224 aucun
953 2165 1125 2241 pendentia.

58 2245 142 2307 lit-eil..
155 2249 204 2309 00.
220 2261 285 2311 nunu.
312 2255 411 2329 [qnae]
426 2244 495 2329 ¹que
517 2261 613 2309 tcuuen
630 2253 661 2309 in
680 2269 770 2308 eausa
788 2259 833 2307 est
848 2267 941 2308 uacua
954 2249 1124 2325 prudentia.

60 2331 218 2394 licinclchio
245 2338 344 2396 outnia.
365 2337 420 2396 luta
446 2355 507 2414 qua
532 2359 574 2394 ψ’
596 2337 758 2412 prudentia
783 2353 890 2412 pannus
914 2332 1083 2392 videbantur
1109 2353 1127 2390 n
1200 2403 1205 2412 ἱ

59 2416 169 2480 librario
188 2434 307 2480 assutus.
353 2424 417 2498 Qua
435 2423 510 2482 cain
529 2419 615 2478 hahct
632 2439 731 2497 mango
751 2418 828 2480 Crat.
871 2415 949 2477 Nihil
965 2417 1027 2476 uitii
1045 2414 1126 2476 vicie·

60 2511 99 2564 tut·
115 2505 141 2563 in
162 2508 304 2584 sculptura
322 2505 455 2564 libuocuut
472 2505 644 2584 scriptorum
663 2505 737 2576 esse,
753 2505 780 2562 si
798 2505 1003 2572 nacae-suiuus
1021 2500 1126 2560 dictum

60 2606 116 2646 csse
134 2611 186 2669 pco
203 2594 308 2661 011000,
328 2592 382 2650 boo
401 2611 509 2650 seusus
521 2591 550 2648 iu
565 2590 692 2650 welches
706 2590 799 2648 Sucbo
813 2587 923 2668 judoch
940 2586 1126 2648 1111080010-

60 2671 198 2736 kenntniss
221 2677 313 2734 uicltts
334 2697 370 2736 za
392 2675 485 2734 thoul·
513 2676 592 2734 Bcut.
617 2677 649 2746 5,
672 2679 722 2746 20.
747 2695 830 2753 qaam
854 2684 883 2732 tc
903 2675 1042 2732 sociemus
1064 2691 1126 2730 csse

61 2776 180 2821 vacnum.
215 2761 365 2840 blcyouas,
393 2764 493 2840 quiet
516 2763 580 2840 ipse
607 2762 774 2842 scripturam
796 2760 931 2822 librorum
953 2759 1125 2836 scriptorum

61 2858 160 2915 servat,
183 2849 221 2904 ita
240 2847 460 2924 interpretetur:
485 2851 561 2924 „qua
580 2857 672 2906 10000
691 2847 719 2904 10
738 2864 825 2903 causa
842 2843 1006 2922 eloquentie
1024 2860 1128 2903 caueto

61 2939 147 3001 potest
168 2931 344 3010 0000001101·
362 2931 408 2990 ubi
425 2933 588 3008 prudentia
608 2930 845 2990 esteltaiuuse
887 2925 935 2986 At
956 2927 1125 2986 senteutiam

62 3009 174 3074 [lucilius
193 3017 306 3076 couleut
324 3016 403 3076 Brut.
421 3019 455 3087 0,
473 3018 525 3074 23.
891 3031 894 3038 ’
941 3058 943 3066 ·

56 3155 58 3160 .
137 3103 390 3162 ruduatimlncoc.
421 3100 631 3162 Ecoulectucu
649 3102 795 3162 cononum
814 3099 894 3158 locos
910 3095 1126 3156 substituentem

62 3181 214 3245 Sebutziutn
236 3197 393 3265 sequuntur
413 3186 586 3264 interpretes
604 3183 731 3242 iinullins
750 3193 780 3242 et
797 3182 924 3242 Breues.
961 3179 1021 3240 Sed
1038 3179 1127 3238 libro-

61 3285 113 3328 rum
143 3273 295 3332 lectionem
322 3269 451 3330 deicudit
476 3269 634 3331 Burobunii
666 3270 783 3347 eiusque
813 3286 918 3328 censor
943 3265 1067 3326 Boakias
1097 3264 1127 3324 iu

61 3348 130 3413 iiiuc.
150 3357 232 3433 Lius.
251 3359 343 3416 1810.
362 3377 389 3434 p.
408 3357 479 3417 622.
515 3354 577 3414 Btst.
1072 3365 1076 3370 '

137 3442 163 3517 ᾗ.
180 3444 232 3500 45.
259 3453 314 3500 aut
335 3444 425 3513 st'tuo,
453 3453 507 3500 unt
531 3443 603 3519 qatii
625 3443 679 3509 sit,
706 3449 760 3498 uel
784 3439 870 3516 quala
895 3439 943 3497 sit.
988 3435 1050 3495 Hos
1072 3445 1127 3506 est,

63 3527 142 3584 oncis
161 3547 247 3584 cuasa
265 3529 324 3585 sive
343 3525 482 3585 iudicialis
501 3525 697 3586 controversie
716 3535 760 3582 est
777 3534 827 3582 eut
844 3521 1059 3592 coniecturalis,
1079 3530 1128 3578 aut

63 3605 192 3682 legiaco,
215 3621 264 3670 unt
285 3611 465 3682 iuridicialis,
487 3623 519 3670 ut
542 3622 586 3670 est
607 3608 680 3692 apud
702 3610 871 3686 scriptorem
894 3606 930 3666 ad
952 3606 1127 3675 Herenni,

64 3691 110 3762 ll,
133 3699 182 3754 ts,
219 3697 426 3756 Coniectntulis
446 3709 506 3768 est,
530 3717 612 3775 quum
636 3695 772 3753 defucto
798 3695 904 3764 (sitae)
930 3690 1128 3750 controversia

64 3789 117 3849 est3
135 3781 269 3858 legitima,
290 3801 370 3859 quum
391 3784 418 3839 10
438 3784 545 3861 scripto
564 3779 668 3858 aliquid
688 3779 902 3837 coutroversiae
921 3777 1047 3836 uescitur
1064 3775 1084 3833 i.
1099 3793 1125 3834 e.

64 3880 136 3936 quum
163 3869 233 3943 qaid
256 3869 298 3928 sit
322 3869 474 3943 quaeritne,
520 3866 649 3944 [leuique
681 3862 846 3921 iuridicialis
878 3861 1041 3920 constitutio
1073 3869 1126 3930 est,

65 3965 136 4020 quum
163 3950 197 4010 00
225 3953 301 4010 iscto
319 3953 476 4021 conuenit,
501 3950 553 4010 scd
580 3953 641 4008 iace
668 3969 704 4006 au
730 3949 833 4006 iniuria
860 3948 963 4006 lacuum
990 3946 1027 4004 sit
1052 3945 1079 4003 lt.
1099 3964 1126 4002 e.

65 4036 141 4105 quote
162 4039 203 4096 sit
222 4038 375 4114 quaeritat.
412 4036 494 4094 Cuai.
515 4036 629 4107 Quintil.
647 4036 681 4102 3,
700 4034 730 4091 ti.

140 4119 161 4178 1.
181 4121 347 4198 Legitimum
367 4122 596 4180 constitutionem
614 4116 793 4196 scripturali
812 4117 982 4176 Herennium
1000 4116 1019 4173 1.
1039 4134 1065 4173 c.
1084 4111 1127 4171 01-

65 4200 125 4260 000
142 4207 168 4263 10
188 4217 282 4285 pantes
301 4227 367 4265 sex:
389 4209 417 4264 1.
434 4206 460 4262 10
480 4205 614 4283 scriptum
634 4215 663 4262 et
681 4204 857 4262 sententium.
876 4205 906 4260 2.
921 4204 949 4260 10
969 4200 1133 4278 contrarias

67 4282 202 4361 loges„3,
220 4294 248 4350 10
265 4292 440 4369 'ambiguunn
467 4295 497 4350 4.
521 4293 549 4346 iu
571 4288 773 4358 definitionem.
802 4290 830 4346 5.
854 4289 882 4346 iu
906 4285 1129 4344 translationem.
