2684 4990
419 499 512 554 our.
543 493 674 554 xxxm
707 496 767 552 raa.
1069 501 1139 566 m

56 669 154 732 reterri
174 668 309 741 deluat:
338 669 470 751 lnpoesi
487 691 569 742 roro,
589 692 661 751 qnae
679 673 801 732 aninum
818 671 912 734 libero
931 673 1137 751 cogitationum

55 775 101 814 usu
119 755 399 827 otteerarosrrdu,
419 757 490 816 liaeo
509 768 553 818 ost
571 768 716 836 troporum
735 759 787 828 vis,
808 769 838 818 ut
856 777 912 830 res,
932 777 1006 838 quae
1024 761 1136 838 tropico

54 861 103 919 per
119 842 202 902 aliam
223 858 285 900 rem
304 841 495 919 significatur,
520 863 572 922 per
590 861 745 914 eamr-out,
770 841 846 908 anulo
869 839 955 902 dueta
977 851 1022 904 eut
1045 855 1137 904 trans-

55 926 131 996 latio,
155 925 191 988 ud
212 928 301 986 animi
320 942 433 988 seusutn
451 925 538 988 variis
557 947 592 988 oo
615 928 781 988 itotiouiltus
799 927 979 988 exultantium
998 928 1136 990 arllriltea·

54 1021 104 1068 tur.
148 1011 292 1091 Exemplo
328 1011 400 1074 ineo
435 949 651 1074 tentaratinlus.
697 1013 810 1077 Lueere
847 1014 978 1074 virtutem
1014 1015 1135 1074 bortrinis

54 1096 167 1156 alieuius
185 1107 218 1158 et
240 1115 347 1176 prosae
370 1099 508 1158 orationis
531 1099 656 1178 scriptor
673 1107 704 1158 ut
725 1108 811 1177 puoto
829 1096 929 1158 dicere
951 1109 1058 1176 potest,
1081 1099 1135 1161 sed

53 1191 166 1260 uterque
185 1202 240 1242 auo
259 1181 381 1261 quodum
399 1181 484 1242 morlo
503 1181 581 1244 tirio
625 1177 699 1247 Nan
721 1186 750 1242 iu
773 1199 858 1262 prusa
881 1185 1012 1242 oratione
1034 1195 1134 1264 tropus

54 1263 131 1325 unire
150 1268 316 1344 cognitioni
334 1269 468 1330 inservit:
489 1287 578 1347 qnare
596 1271 619 1328 si
637 1287 693 1347 qua
711 1269 861 1347 praeclara
879 1283 925 1328 res
944 1269 1043 1328 lurero
1060 1268 1135 1330 tiri·

53 1360 106 1422 tur,
128 1361 238 1412 tanturn
263 1371 303 1412 ex
324 1353 377 1414 tao
399 1354 471 1414 lueis
489 1353 699 1432 significatione
718 1352 755 1418 aul
773 1371 832 1415 reor
851 1355 933 1412 istaut
952 1355 1133 1426 transfertur,

53 1447 178 1512 quartam
202 1436 241 1496 ad
266 1439 328 1498 eius
351 1439 544 1515 cognitionum
567 1459 638 1518 opus
661 1449 714 1498 est.
759 1437 811 1499 Est
835 1449 931 1498 autom
954 1438 1009 1498 ltoe
1031 1437 1075 1512 tt,
1103 1437 1132 1498 iu
1199 1461 1204 1477 ·

53 1539 103 1597 pao
124 1524 256 1585 cernitur
278 1523 441 1585 similitudo.
488 1523 595 1588 Lunum
618 1511 800 1603 conspicuum
824 1535 884 1594 est,
911 1525 1068 1602 oouspiouu
1088 1535 1134 1583 est

54 1609 166 1684 egregie
184 1627 244 1670 res.
291 1605 389 1687 ltaque
408 1609 507 1670 lueere
524 1620 570 1670 est
588 1610 770 1688 oonspienunr
790 1627 864 1670 esse.
910 1607 940 1672 lo
962 1605 1042 1688 poesi
1061 1627 1130 1668 reru
1194 1635 1200 1648 .

53 1692 111 1766 quia
133 1703 234 1772 tropus
254 1693 299 1752 ud·
315 1691 400 1756 animi
423 1695 510 1756 lusum
534 1695 675 1764 rotamur,
696 1713 752 1752 non
776 1695 864 1754 solum
887 1693 954 1755 illuri
973 1705 1130 1772 spuo-tatur,

54 1774 122 1852 quod
139 1777 271 1838 luxuum
291 1779 342 1838 illa
361 1798 393 1840 re
413 1799 560 1843 commuue
578 1780 679 1860 habet,
704 1777 755 1838 sed
773 1778 808 1841 ad
826 1799 862 1840 ea
880 1799 992 1858 qnoque
1010 1781 1131 1838 animun

7 1909 9 1924 ,
53 1861 230 1938 attendi-us,
260 1867 470 1942 quoepropria
493 1876 557 1926 suot
585 1865 670 1936 lueis,
697 1865 854 1942 fulgorem,
881 1862 1130 1942 magnificentiam,

53 1945 186 2022 vigorem,
210 1937 511 2021 iucunditatemtum
531 1952 615 2012 etiam
634 1949 670 2010 ad
689 1951 835 2028 oppositu,
860 1949 1010 2020 tenebras,
1027 1943 1131 2011 obseu-

53 2029 171 2104 ritatem,
190 2035 371 2112 languorem.
416 2033 453 2094 Ut
470 2035 527 2094 ulio
546 2047 623 2106 utar,
642 2036 761 2116 palorum
779 2035 880 2114 aliquis
899 2031 977 2093 lerro
996 2036 1024 2094 in
1043 2054 1130 2112 prosa

55 2117 175 2180 oratioue
194 2120 237 2180 sic
257 2119 378 2190 dieitur,
402 2130 433 2180 ut
455 2120 523 2180 illud
542 2132 653 2182 tanturn·
666 2122 851 2198 respiciatur,
875 2118 950 2198 quod
969 2121 992 2177 is
1011 2139 1073 2178 oum
1093 2139 1129 2178 eo

54 2200 94 2274 qui
121 2222 189 2264 rore
216 2206 338 2283 palmum
367 2206 424 2264 lert
450 2223 598 2266 commune
625 2205 720 2264 hahet.
765 2203 798 2264 ld
824 2215 870 2264 est
894 2215 988 2266 auteur
1014 2201 1131 2272 vicisse,

54 2281 105 2343 Set
121 2300 208 2368 poeta
226 2311 311 2369 quum
330 2292 454 2370 loquitur
472 2289 508 2350 de
526 2292 574 2361 iis,
598 2311 670 2370 quos

405 2409 409 2414 ·
537 2375 765 2454 patronatum
863 2449 868 2461 „

297 2469 446 2530 ,terrorum
465 2463 595 2520 domuiros
613 2461 711 2519 evehit
731 2457 772 2520 ad
792 2461 870 2530 deor,

55 2555 102 2596 nou
119 2543 282 2618 viatorium,
306 2544 358 2604 sed
375 2565 445 2607 vere
464 2547 596 2625 palmam,
616 2565 671 2604 non
690 2547 829 2607 viatorem
846 2561 1056 2628 ¹quemcunque,
1075 2538 1127 2602 soti

54 2623 133 2696 palma
150 2627 285 2690 donatum
305 2629 390 2690 dioit:
411 2651 466 2710 quo
486 2632 530 2704 fit,
550 2643 593 2704 ut,
614 2651 694 2710 quum
713 2631 800 2692 vellet
817 2641 911 2690 tamen
931 2649 1130 2709 quemcunque

55 2725 189 2774 sacrorum
208 2715 340 2776 ludorum
359 2722 495 2779 rictorem
515 2718 647 2796 intelligi,
666 2717 775 2776 animus
793 2716 911 2777 lectoris
929 2716 1012 2777 latius
1026 2715 1126 2792 vagnri

55 2796 231 2872 cogitatione,
252 2819 345 2879 eaque
363 2803 457 2862 omnia
474 2804 628 2883 ooutpleoti
645 2803 743 2882 possit,
762 2821 835 2882 quae
854 2801 900 2861 illa
920 2801 1028 2880 palmae
1047 2819 1126 2858 uren-
1195 2789 1198 2806 ¹

54 2876 88 2934 tio
109 2885 184 2959 quasi
207 2906 225 2946 e
250 2887 405 2966 longinquo
429 2887 625 2948 demonstret·
659 2888 703 2948 Ex
725 2888 768 2948 tis
791 2887 974 2963 intelligitur,
997 2885 1044 2962 qui
1067 2885 1125 2954 liat,

54 2971 80 3026 tl
94 2963 166 3036 itlern
182 2981 282 3050 tropus
301 2973 387 3050 louge
406 2974 544 3032 minorem
567 2974 595 3032 ln
616 2991 705 3051 prosa
726 2972 872 3040 oratioue,
896 2989 977 3048 quarn
995 2970 1024 3028 in
1044 2969 1125 3046 poesi

54 3045 99 3104 liu
120 3051 232 3117 lrabeat.
277 3057 373 3135 Atque
397 3059 511 3119 uruniuo
534 3069 678 3138 troporum
701 3075 805 3136 prosus
827 3055 968 3114 orationis
990 3073 1045 3110 non
1061 3053 1125 3110 *ulia

55 3141 92 3188 est
107 3137 205 3212 virtus,
225 3163 307 3221 quarm
328 3153 358 3200 ot
375 3143 613 3220 significationum
632 3143 675 3202 rei
692 3143 746 3221 por
764 3151 872 3220 tropum
892 3135 1124 3210 indicataeleri·

54 3221 92 3274 tor
107 3238 238 3300 augeant.
285 3228 379 3300 Quare
402 3227 421 3286 ii
445 3229 568 3289 maxime
585 3227 768 3305 probantum&
779 3227 825 3304 qui
845 3245 901 3284 usu
913 3225 953 3282 ita
970 3233 1034 3282 suut
1053 3223 1129 3292 triti,

54 3309 79 3356 ll
93 3305 132 3362 vis
146 3328 247 3372 eorum
266 3313 409 3372 nemiuem
427 3313 520 3374 lutera
536 3312 635 3392 possit.
675 3311 770 3370 Minus
787 3307 936 3370 laudantur
948 3304 1018 3368 ‘nori
1037 3317 1123 3386 atquo

54 3384 224 3466 anteriores,
252 3399 318 3476 quia
339 3398 368 3456 in
392 3398 564 3456 hironimus
587 3389 884 3474 ura-gisaltropum,
911 3395 993 3474 quam
1020 3391 1056 3452 ad
1084 3390 1122 3464 id,

56 3471 119 3544 l¹¹⁰tl
135 3496 188 3554 per
205 3492 316 3560 tropon
335 3483 526 3562 signifieatur,
545 3481 696 3544 attendere
713 3476 798 3548 solet.
834 3480 927 3554 Quare
946 3478 975 3538 it
993 3477 1122 3556 inprimis

54 3563 110 3647 {tiu
132 3565 230 3625 oeulos
252 3567 359 3628 lrabere
383 3571 410 3628 in
434 3588 519 3648 proso
541 3570 672 3628 oratione
691 3561 839 3637 conuenit,
863 3576 894 3624 ut
915 3565 1007 3643 tropi,
1030 3561 1122 3622 sioulri

55 3651 84 3692 ur
100 3644 211 3719 utimur,
236 3654 493 3729 coguitionem-roi
511 3654 656 3714 adiuvent.
701 3651 784 3727 Quotl
802 3651 849 3731 qui
868 3646 1030 3728 negligunt,
1054 3667 1122 3727 pro·

54 3736 95 3780 ⁸³0
109 3735 241 3822 ¹ornatiori
266 3739 366 3814 poesin
393 3737 563 3811 admiscent,
580 3751 622 3800 ut
643 3738 791 3816 Longinus
817 3737 846 3796 in
872 3736 931 3797 lrist
959 3736 1062 3814 μέτρου
1088 3731 1121 3794 tt

54 3823 136 3892 uorpp
151 3816 264 3899 ῥυθμὸς
280 3823 329 3882 rol
345 3819 444 3896 melef‘
470 3824 504 3884 G.
524 3825 618 3884 llnnu.
636 3823 673 3884 ale
692 3823 786 3888 uilior·
805 3839 882 3899 pros.
902 3829 933 3880 et
949 3829 1027 3897 poet.
1046 3828 1119 3878 orat.

55 3904 77 3983 l·
95 3895 140 3956 18·
158 3904 208 3962 tu.
229 3905 364 3986 (Opusee.
383 3908 448 3968 Vol.
468 3912 495 3968 l.
516 3927 542 3988 p.
561 3912 603 3970 99
620 3914 676 3988 eq.)
715 3905 892 3968 Sententiam
911 3915 1018 3974 autum,
1037 3907 1141 3982 quamv

54 3969 118 4038 ¹l⁸tl¹
142 3984 245 4050 ibidem
272 4013 299 4070 p.
318 3994 368 4052 99.
392 3995 538 4072 proponit,
564 3995 620 4054 ltuo
647 3992 769 4054 maxima
795 3991 1001 4069 porti‘ueutemr
1047 3987 1121 4059 „Est

55 4051 117 4120 laer
133 4077 411 4151 troporum‘oatnm,
428 4090 472 4147 ot,
492 4097 575 4157 quum
593 4077 669 4138 aliud
686 4096 740 4156 pro
757 4076 813 4136 alio
832 4076 1005 4156 nominetur,
1024 4072 1118 4144 ptimo
1176 4135 1179 4158 Ι

55 4149 123 4216 ‘illul
145 4174 256 4237 campus
277 4163 379 4241 aliquis
400 4162 558 4242 aperiatur,
582 4164 611 4222 ln
628 4181 712 4242 quem
730 4162 846 4222 aliarum
865 4177 959 4223 rerum
978 4157 1118 4230 uarietate

55 4225 161 4296 allectus
186 4243 277 4306 libere
302 4249 394 4327 possit
419 4261 586 4308 excurrere.
631 4245 779 4327 idipsum
805 4263 884 4306 vero·
902 4260 1026 4324 poeseos
1053 4241 1130 4300 uffi-·
1239 4303 1241 4308 ,

55 4309 118 4381 oium
134 4355 186 4399 -,-,
207 4339 239 4388 rt
259 4335 437 4412 cogitatione
459 4334 577 4424 aliarum
600 4351 709 4407 rerum,
732 4349 813 4414 quarn
832 4349 904 4411 quoe
922 4337 1118 4408 argumentum

878 4424 906 4492 tt
