2678 4974
485 517 580 592 car,
602 519 651 572 rin
674 518 717 573 ar.
773 494 777 536 ²
1075 521 1147 584 101

74 695 180 772 insuper
198 691 388 752 mombromm
407 688 524 765 661166,
546 711 645 772 6666,
664 702 697 751 61
714 691 769 752 hoc
787 703 868 765 utar,
892 692 1040 754 dicerent:
1064 692 1148 752 insti·

4 825 5 830 ,
73 781 106 836 tin
122 779 250 838 'animum
278 797 398 857 aequum
425 787 525 856 parat,
554 778 620 857 quin
641 779 730 838 virtus
756 788 817 850 est,
845 791 926 856 proa'
945 777 1035 838 omnis
1057 779 1146 837 virtue
1178 815 1179 822 .

4 921 6 930 ,
72 865 184 923 animum
211 883 331 942 aequum
358 874 458 942 parat3
491 863 569 942 atqui
595 863 704 922 iustitia
730 863 818 922 virtus
845 873 906 922 cst:
939 881 1011 942 ergo
1037 863 1146 924 iustitia

4 1023 5 1028 η
69 949 184 1008 'animum
212 966 331 1028 aequum
359 958 451 1027 parat.
496 947 559 1008 Tali
581 959 675 1008 autem
699 949 853 1008 omissione
880 959 910 1008 et
935 951 1145 1027 permutatione
1240 975 1241 982 ¹

65 1035 156 1094 ,1661116
180 1036 274 1092 errori
298 1033 391 1092 aditus
409 1043 510 1112 patere
529 1035 637 1113 coepit.
682 1033 793 1094 Dmisso
811 1033 886 1092 enim
904 1033 999 1112 aliquo
1017 1033 1162 1094 membro'

71 1119 209 1178 difficilius
227 1129 307 1191 erat,
326 1119 476 1178 veritatem
495 1119 694 1178 conclusorum
713 1117 764 1178 sub
782 1137 902 1178 examen
920 1137 1042 1190 vocare,
1063 1139 1144 1198 quam

70 1207 90 1262 si
112 1217 141 1264 et
162 1223 295 1262 uumerus
318 1215 349 1262 et
371 1195 442 1262 ordo
465 1205 655 1263 membrorum
677 1214 852 1264 servaretur.
900 1203 985 1264 Cori.
1004 1203 1143 1264 Matthiae

69 1290 187 1348 Theorie
206 1289 257 1348 des
276 1290 325 1347 lat.
344 1288 413 1348 Stils
430 1309 460 1368 p.
478 1291 521 1352 64
537 1309 582 1369 66.
628 1291 673 1348 Ac
692 1301 760 1368 puto
779 1285 910 1368 equidem
927 1289 963 1348 ab
981 1309 1038 1348 uno
1056 1309 1145 1350 mem-

69 1373 177 1434 brorum
204 1393 372 1453 suppresso,
407 1384 438 1434 et
468 1373 644 1434 auditoribus
671 1374 708 1434 ad
735 1372 917 1452 cogitandum
943 1375 1047 1434 relicto
1066 1373 1144 1462 ‘lud

70 1461 237 1519 rhetoricum
269 1461 524 1538 argumentatio-nis
555 1478 645 1538 genus
676 1457 831 1540 ἐνθύμημα
881 1459 1031 1539 apellatum
1053 1478 1140 1536 esse.

70 1544 130 1604 Vid.
152 1547 215 1604 Cic.
235 1545 338 1624 Topic.
359 1546 411 1616 13,
432 1547 484 1606 55.
506 1545 542 1604 16
559 1545 673 1604 166661.
694 1547 725 1618 1,
743 1547 798 1622 Ι37.
819 1543 950 1606 Deinetr.
971 1543 1007 1604 de
1024 1543 1140 1604 Elocut.

69 1631 92 1706 §.
111 1633 152 1690 36
170 1651 234 1710 sqq.
261 1631 346 1689 (loni.
366 1629 497 1690 blaorch.
518 1629 555 1690 de
572 1629 733 1690 Theodect.
757 1652 787 1710 p.
808 1633 864 1690 82.
886 1631 914 1708 §.
934 1631 987 1699 36.
1034 1629 1065 1690 16
1087 1630 1142 1690 hac

69 1715 218 1774 calliditate
250 1714 456 1787 concludendi,
491 1715 538 1795 qui
570 1716 793 1795 eloquentissimi
823 1717 982 1794 scriptores
1010 1714 1143 1776 videntur
1205 1767 1209 1772 .
1274 1713 1276 1732 ¹

69 1800 146 1859 iidem
168 1802 355 1860 versatissimi
378 1802 577 1879 reperiuntur,
605 1801 683 1861 velut
705 1803 733 1860 in
756 1802 811 1860 boc
836 1802 898 1881 ipso
922 1801 1049 1860 oratorio
1072 1801 1142 1860 arti·

69 1887 128 1944 1616
150 1885 345 1966 Thucydidem
370 1888 490 1946 maxime
517 1887 649 1946 aemulati
672 1906 737 1946 esse
760 1886 857 1946 lsaeus
880 1895 911 1946 et
932 1886 1141 1946 Demosthenes

68 1971 211 2030 traduntur
228 1991 245 2029 a
264 1970 405 2050 Dionysio
425 1971 488 2030 1161.
510 1970 601 2030 16116.
622 1969 658 2032 16
676 1971 806 2052 Thucyd.
826 1973 879 2032 34.
899 1992 929 2052 p.
946 1973 1008 2034 896
1026 1991 1069 2050 eq.
1091 1970 1139 2030 ed.

68 2054 174 2126 lleish.,
199 2057 284 2135 epist.
310 2055 346 2114 ed
371 2057 424 2116 Cn.
445 2057 574 2136 Pompei.
601 2059 632 2116 3.
661 2079 690 2137 p.
715 2058 788 2118 777.
818 2058 889 2136 ἐμοὶ1
906 2061 1001 2136 μέντοι
1027 2058 1077 2117 aui
1101 2053 1142 2132 aqi

67 2135 188 2219 61161666
206 2143 350 2218 Καικιλίῳ
367 2145 447 2202 douai
460 2138 498 2203 τὰ
515 2136 717 2222 11666μῆ6666
727 2139 817 2203 aime
841 2141 1036 2222 (Thucydidis)
1060 2135 1141 2219 palte

67 2221 117 2287 oroi
140 2247 182 2307 γε’
197 2229 246 2287 καὶ
273 2225 397 2306 ζηλῶσαι
422 2229 622 2307 Δημοσθένης.
667 2228 751 2287 Conl'.
781 2226 851 2286 ibid.
881 2228 911 2287 5.
945 2247 976 2306 p.
1005 2227 1067 2292 780
1093 2247 1138 2306 sq.

4 2389 5 2392 Ἴ
68 2311 210 2372 1611616
232 2312 436 2392 Τ116661.53.
460 2315 585 2392 6944.
631 2311 676 2374 Ex
701 2313 756 2372 bac
783 2311 888 2370 dolosa'
910 2323 1140 2391 argumentorum

68 2398 178 2456 6116166
195 2417 334 2478 praesens
353 2417 465 2476 quoque
484 2399 627 2456 sententia
644 2397 767 2478 prodiit,
787 2417 870 2476 quam
889 2399 936 2476 qui
955 2397 1067 2476 plenam
1085 2397 1140 2456 sibi

68 2494 156 2544 mente
173 2483 371 2562 proposuerit,
396 2503 479 2542 nemo
498 2484 569 2556 erit,
595 2485 661 2562 quin
680 2484 780 2543 falsum
799 2482 866 2562 quid
888 2484 917 2559 iu
940 2501 976 2542 ea
998 2483 1141 2544 contineri

68 2567 213 2646 intelligat.
250 2565 311 2626 'Sic
334 2570 407 2626 enim
431 2569 516 2648 plene
539 2569 615 2628 elata
637 2579 735 2628 sonat:
772 2569 874 2650 Victus
892 2569 1032 2628 hominum
1050 2564 1142 2626 bene-

67 2653 127 2711 1616
144 2647 360 2712 Atheniensium
385 2654 480 2713 excoli
502 2655 609 2733 potuitq
636 2672 654 2713 6
676 2654 779 2732 quibua
801 2657 894 2714 616166
915 2655 1077 2725 homonum,
1103 2655 1141 2713 ob

67 2739 162 2797 ir'sdem
180 2740 277 2798 oratio
297 2740 398 2798 cuculi
407 2742 525 2818 poterim·
545 2759 617 2817 ergo
636 2739 672 2798 ab
690 2739 914 2798 Atheniensibus
930 2739 1025 2798 oratio
1044 2739 1139 2798 excoli

66 2824 163 2900 potuit.
210 2824 344 2882 Ceterum
363 2823 397 2882 ab
411 2823 635 2884 Atheniensibus
652 2835 770 2904 praeter
787 2812 1007 2895 humanitatem,
1032 2823 1140 2882 doctri·

66 2925 140 2980 uam,
159 2909 341 2987 religionem,
361 2910 434 2980 iura,
454 2910 535 2988 leges
554 2912 640 2970 etiarn
659 2911 758 2988 liuges
776 2919 869 2981 ortae,
890 2919 975 2987 atque
993 2909 1022 2968 in
1041 2927 1139 2967 omnes

66 3002 153 3052 terram
172 2993 340 3052 distributae
357 2994 529 3072 putabantur
545 3006 664 3054 auctore
681 2994 874 3073 Triptolemo,
903 2995 950 3072 qui
967 3003 1091 3052 aratrum
1110 3002 1141 3052 et

66 3079 261 3154 agriculturam
280 3081 403 3152 invenit,
431 3099 458 3137 v.
478 3079 541 3138 Cic.
563 3099 615 3158 pro
633 3080 737 3138 Flacco
757 3100 784 3137 c.
805 3081 857 3139 26.
878 3077 1010 3155 Scriptor
1027 3077 1063 3138 ad
1081 3077 1140 3136 lle-

66 3180 143 3221 1666.
156 3168 210 3235 41,
231 3165 262 3234 6,
282 3166 315 3224 9.
334 3162 528 3243 Apollodorus
546 3163 620 3222 Bibl.
642 3167 671 3234 1,
693 3166 724 3236 5,
745 3167 776 3221 2.
797 3161 892 3242 ibique
911 3161 1005 3242 lleyn.
1025 3161 1136 3224 volt.
1155 3171 1158 3176 '
1178 3190 1185 3200 ·

66 3266 91 3324 p.
113 3250 164 3308 64.
189 3247 303 3328 edrpr.
323 3247 351 3309 A
369 3249 512 3309 Cicerone
529 3249 613 3308 Tusc.
632 3249 735 3329 Dispp.
754 3251 790 3320 l,
809 3251 867 3320 41,
883 3250 940 3308 98.
961 3245 1036 3306 idem
1054 3246 1140 3308 iudex

66 3333 132 3410 apud
142 3335 258 3394 inferos
274 3335 443 3414 appellatur,
464 3335 511 3394 uhi
528 3353 557 3394 v.
578 3335 626 3394 Dr.
641 3333 679 3393 A.
691 3335 733 3394 ,W
734 3335 785 3392 oli.
797 3332 871 3414 apud
881 3333 1015 3392 Orellium
1025 3355 1055 3412 p.
1065 3335 1138 3392 364.

146 3422 216 3496 (1616
232 3453 276 3464 -
293 3441 312 3478 6
333 3421 499 3498 Thucydide
518 3423 673 3498 'quz'dquum
691 3422 787 3479 duait.
812 3419 875 3478 Hoc
892 3438 950 3476 non
968 3417 1004 3478 de
1022 3430 1139 3478 senten·

66 3501 108 3560 tiis
129 3515 158 3562 et
177 3505 274 3564 verbis
296 3505 415 3583 siugulis
437 3505 558 3584 intelligi
576 3503 678 3576 debet,
708 3524 781 3584 quae
799 3505 885 3564 multa
903 3503 938 3564 ab
958 3523 993 3564 eo
1011 3511 1138 3564 sumsere
1196 3501 1205 3510 ’

66 3583 267 3649 Demosthenes
286 3591 393 3662 etalii,
413 3570 466 3650 sed
485 3589 521 3649 de
539 3587 587 3662 iis,
607 3611 679 3670 quae
697 3591 813 3670 propria
830 3599 895 3648 sunt
913 3590 1047 3648 oratoris.
1067 3589 1138 3648 Ean.

66 3668 106 3730 De
123 3674 323 3734 Demosthenis
341 3686 372 3734 et
388 3677 507 3746 aliorum
524 3675 683 3734 imitatione
700 3673 874 3754 Thucydidis
892 3673 990 3733 dicere
1009 3674 1065 3732 buc
1082 3693 1139 3734 uon

67 3758 175 3818 attinet:
205 3759 263 3818 dini
285 3771 379 3820 antem
401 3763 535 3820 nonnulla
555 3762 585 3819 iu
607 3761 847 3820 commentatione
870 3757 907 3820 16
925 3756 1047 3838 Scriptis
1063 3759 1138 3819 Thu·
1162 3773 1166 3782 ’

68 3841 169 3918 cydidis
190 3866 237 3903 nr.
261 3848 314 3916 20.
338 3865 368 3924 p.
390 3847 456 3918 53„
481 3845 581 3926 quibus
598 3844 672 3905 adde
690 3845 810 3924 Dionys.
830 3843 865 3903 de
884 3842 958 3904 adm.
977 3845 1006 3902 vi
1024 3842 1139 3906 dicendi

67 3923 90 3982 iu
114 3927 261 4006 Demosth.
290 3949 318 3989 c.
348 3933 401 3990 10.
429 3933 461 3990 6.
486 3951 515 4010 p.
540 3933 615 3991 981.
639 3929 727 3989 16116.
752 3929 789 3989 16
811 3927 938 4009 Thucyd.
961 3931 1014 3990 53.
1034 3931 1086 3989 54.
1107 3947 1136 4010 p.

67 4010 132 4072 944.
151 4017 226 4076 945.
246 4035 344 4074 rursus
363 4014 401 4074 16
417 4015 492 4074 adm.
512 4015 540 4074 vi
553 4026 618 4074 616.
638 4035 667 4073 6.
687 4017 717 4075 9.
735 4035 765 4094 p.
785 4017 860 4075 976.
961 4067 964 4074 .

143 4103 311 4179 exploretur
326 4133 369 4145 -
384 4119 513 4160 acuemus.
538 4099 570 4158 Iu
593 4099 672 4159 Brut.
691 4119 719 4159 c.
739 4102 791 4171 83,
812 4101 884 4160 287.
903 4097 977 4158 idem
996 4097 1074 4160 audit
1090 4117 1149 4158 rc-.·

67 4195 121 4239 rum
136 4197 287 4262 gestorum
300 4187 520 4264 pronunciatur
535 4187 676 4255 61666666.
702 4183 781 4244 Unde
799 4195 892 4245 tamen
910 4205 966 4242 non
986 4193 1063 4255 crat,
1088 4202 1140 4240 cur

69 4260 173 4328 Schutz.
192 4271 221 4328 in
240 4269 500 4348 61.2.··666166ι·61
517 4269 545 4328 in
564 4270 638 4330 hunc
657 4288 769 4351 qnoque
787 4271 879 4330 locum
897 4272 1037 4328 srhccrus.
1065 4267 1139 4340 Quid

69 4351 133 4411 enim
155 4365 233 4428 erat,
262 4357 328 4436 6616
352 4356 380 4418 16
402 4354 492 4416 Bruto
515 4375 556 4416 ex
570 4357 715 4434 praesenti
732 4357 798 4416 1666
817 4355 934 4416 Schutz.
956 4362 1078 4432 poneret
1093 4373 1138 4411 sc·
1252 4434 1256 4443 Ι
