2684 4990
207 461 273 528 102
371 461 630 517 conuiuarum!
653 461 902 516 incitationis
922 463 1134 521 ORATOREM.

183 705 187 710 ¹
204 659 261 698 nou
279 649 345 698 sunt
361 655 509 717 peraeque
526 647 594 718 apta
612 635 674 696 eius
691 637 899 716 parsimoniae3
924 635 1002 719 quod
1019 637 1123 698 deiude
1141 638 1274 698 coufirma-

203 726 311 785 turbis
328 724 443 783 verbis:
472 725 549 782 Nam
568 724 623 782 etta
638 756 682 768 —-
699 724 767 782 tate
785 734 871 782 acuto
881 722 1035 802 fugienda
1051 733 1152 784 sunt.“
1192 723 1275 783 Vesti-

204 812 253 890 gia
280 810 415 869 librorum
442 811 613 887 scriptorum
639 809 762 868 intuenti
787 809 856 867 mibi
882 829 951 868 vera
974 811 1035 869 visa
1057 821 1102 868 est
1124 811 1275 870 coniectura

203 895 337 966 Badenii,
366 914 438 974 quae
462 893 562 953 eadem
585 913 698 952 sensum
716 893 837 973 praebet
854 897 1000 973 optimum.
1043 895 1107 955 lloc
1126 897 1199 956 euim
1216 897 1275 953 scri-

202 993 268 1082 ptor
286 980 371 1040 dicit.
397 979 550 1038 Schemate
567 981 647 1040 tenui
666 981 774 1038 oratori
793 991 858 1057 apta
876 983 993 1059 suutpl
992 1001 1118 1060 eraque:
1142 981 1274 1060 pleraque,

201 1068 330 1168 iuquam3
350 1085 414 1124 uam
432 1066 493 1136 illa,
513 1064 550 1125 de
569 1064 669 1144 quibus
688 1075 754 1124 aute
774 1064 842 1136 dixi,
861 1065 903 1124 illi
921 1065 1059 1145 fugienda
1076 1077 1150 1138 suut,
1170 1066 1274 1126 ethaeo

202 1153 262 1232 ipsa
283 1163 394 1222 vetant,
421 1170 457 1210 ue
481 1109 585 1221 dicam,
613 1151 693 1209 tenui
717 1153 814 1210 anania
835 1144 968 1231 σχήματα
989 1163 1056 1230 apta
1075 1171 1150 1212 esse.
1194 1153 1274 1226 Quare

200 1249 274 1338 post·
290 1238 463 1296 mentionem
490 1236 741 1301 illustrissimorum
763 1236 930 1314 figurarum,
957 1238 1202 1318 prosopopoeiae,
1225 1255 1275 1295 ser·

200 1323 401 1382 mocinatiouis
423 1333 454 1381 et
475 1321 733 1401 synathroesmi5.
757 1323 807 1381 86.
833 1319 926 1381 addit.
954 1325 1017 1382 Sed
1030 1325 1180 1402 pleraque
1197 1343 1232 1380 ea
1247 1322 1275 1380 il·

201 1409 238 1468 tis
254 1411 433 1468 convenient
447 1411 535 1466 etiam
552 1409 621 1466 ltuic
639 1409 787 1477 tenut'3tatu
807 1406 907 1486 quibus
924 1408 1020 1468 verbis
1039 1405 1274 1488 litquotlammodo

104 1522 110 1537 .
198 1496 334 1572 repetitio
352 1494 423 1565 loci,
453 1511 535 1571 quem
553 1501 717 1550 tractamus.
744 1492 818 1550 Pro
836 1497 997 1553 suntenim
1016 1495 1119 1572 aliquis
1139 1503 1275 1578 exspeetqt

197 1591 267 1639 sunt
288 1590 402 1652 autem,-
429 1589 459 1637 at
478 1598 553 1636 enam
571 1578 691 1656 respicit
708 1575 745 1636 ad
761 1577 866 1637 verba·
895 1599 954 1638 non
970 1599 1081 1657 parcus
1097 1581 1206 1650 solum,
1229 1578 1273 1636 boe

198 1681 299 1724 sensu:
321 1684 355 1724 er
372 1624 590 1723 blauchtluiclut
607 1683 734 1742 sparsam
752 1683 788 1722 zu
806 1683 887 1744 coya,
909 1683 943 1724 er
959 1665 1009 1724 hat
1026 1663 1191 1724 dieWabl:
1211 1665 1273 1722 dean

172 1799 177 1811 .
199 1749 245 1809 die
264 1752 385 1809 meister
404 1750 528 1827 Figureu
546 1759 605 1807 etc.

283 1839 319 1894 de
338 1835 455 1913 qui'bus
459 1835 619 1892 antedicti.
644 1853 670 1891 c.
689 1836 743 1905 19,
763 1833 815 1893 65.

281 1921 350 1978 but'e
369 1930 466 1980 acuto.
489 1918 597 1978 diesem
616 1917 734 1978 Reduer
750 1921 802 1978 mit
819 1921 1049 2000 scharlsiuuigeu
1066 1919 1272 2001 Euthymcmeu,

196 1989 292 2065 ieiuel·
308 2005 558 2082 Argumentatiou.

282 2093 482 2150 immutatione
491 2089 620 2148 li.terae
644 2088 734 2147 Ηοι’
724 2109 780 2148 uam
799 2109 928 2169 suprae.
949 2093 1002 2162 11,
1030 2063 1082 2152 38.
1100 2091 1200 2170 tetigi,
1224 2108 1273 2149 mo·

195 2195 280 2248 neus,
300 2177 556 2278 ιιαριιομασίιις’
534 2195 594 2233 sive
613 2176 858 2234 annominationes
877 2177 1009 2254 intelligi.
1087 2196 1091 2200 ·

244 2264 368 2341 quasi
387 2263 549 2340 quaesitae.
577 2258 708 2318 Lambin.
732 2259 810 2320 delet
833 2264 930 2338 quari,
959 2260 1036 2340 quod
1056 2261 1162 2322 melius
1183 2261 1272 2322 abesse

195 2347 314 2407 Scbutu.
334 2345 478 2417 coneedit,
497 2347 645 2425 suspicans
663 2357 758 2405 ιιιιιιιι
777 2345 806 2405 iul
824 2348 900 2404 inter
918 2347 1007 2406 verba
1025 2349 1174 2426 quoddam
1191 2358 1220 2406 et
1232 2366 1274 2404 au-

194 2437 308 2512 cupium
339 2431 579 2511 transponendum
611 2450 685 2490 esse.
738 2431 820 2502 „Sed
852 2435 939 2510 quasi
969 2435 1123 2510 quaesitae
1156 2432 1274 2491 dicuutm

192 2529 295 2600 aperte
314 2519 471 2597 quaesitae.
508 2517 570 2575 lluc
588 2518 702 2576 referas
720 2516 946 2588 admirationem,
968 2517 1003 2576 de
1022 2537 1077 2596 qua
1094 2517 1154 2576 vid.
1174 2517 1209 2577 ad
1226 2517 1273 2576 lle·

193 2623 274 2662 reuu.
293 2607 328 2674 4,
352 2604 382 2661 6.
401 2623 444 2682 pr.
466 2603 552 2676 ⁴1).“
578 2601 641 2660 Bnu.
659 2601 835 2662 Vocabulum
855 2605 942 2680 quasi
956 2604 1068 2681 mitigat
1084 2604 1218 2662 tralatum
1236 2605 1272 2676 (t)

194 2691 359 2768 quaesitae,
383 2707 437 2746 uec
457 2688 597 2766 explicari
615 2697 711 2766 potest
729 2699 847 2788 aperte,
867 2707 961 2768 neque
978 2707 1049 2747 vero
1068 2687 1221 2749 delendum
1238 2695 1274 2746 est

193 2793 256 2833 cum
283 2773 439 2845 Lambiuo‚
475 2784 607 2851 tauquam
639 2791 656 2831 e
683 2774 876 2851 geminatione
905 2775 1084 2852 sequentium
1111 2773 1274 2852 syllabarum

192 2861 298 2940 quaesi
317 2870 419 2919 ortum.
443 2859 496 2917 011.
519 2858 571 2918 lul.
593 2858 744 2938 Victorp.
763 2859 836 2917 107.
854 2879 913 2917 non
930 2869 1094 2937 sequantur
1111 2861 1184 2918 illas
1203 2867 1273 2934 (seu-

190 2936 312 3020 tentlas)
340 2948 405 3004 saint
404 2946 479 3004 liter
504 2945 643 3004 conclusa
670 2953 703 3002 et
721 2947 814 3022 paria
836 2943 963 3022 paribus
987 2945 1107 3003 reddita
1131 2955 1165 3048 et
1185 2954 1274 3003 cetera

192 3040 268 3110 quae
285 3041 357 3090 sant
372 3033 524 3109 quaesitae
541 3033 711 3090 venustatus.
730 3029 807 3087 Mau.

276 3117 302 3194 §.
325 3117 377 3176 85
399 3117 554 3175 uerborum
578 3118 760 3174 iterationes.
788 3114 833 3172 De
861 3114 960 3192 figuris
982 3115 1145 3174 iterationis
1170 3117 1200 3177 iu
1220 3113 1274 3173 uui·

189 3221 302 3262 versum
320 3201 377 3260 vid.
397 3200 513 3274 Quintil.
532 3203 561 3271 9,
581 3202 610 3269 3,
630 3201 681 3259 17.
704 3199 802 3258 Verba
819 3200 950 3277 intellige
968 3201 1094 3278 repetita
1110 3201 1159 3260 vel
1178 3201 1221 3260 bis
1237 3201 1274 3256 ir·

146 3341 148 3352 ‚
190 3289 241 3346 itio
260 3288 475 3356 sententiarum,
495 3286 588 3366 qualia
605 3282 696 3344 sulut'
688 3305 717 3342 ιιι

276 3374 306 3429 1.
324 3373 507 3450 ιιιιιιλλιιγίᾳ,
531 3389 603 3450 quae
623 3369 728 3430 dicitur
746 3371 831 3428 etiam
850 3365 1083 3442 annotatam·
1059 3389 1119 3430 sive
1137 3368 1273 3444 ἐπιῒιιξις.

139 3515 142 3521 ,
189 3455 234 3516 De
257 3456 311 3515 luae
330 3456 420 3533 ligura
439 3467 528 3533 agunt
545 3453 690 3513 Dralueub
710 3453 746 3513 ad
764 3455 879 3525 lund
908 3457 960 3514 11.
979 3458 1034 3526 14,
1063 3459 1115 3515 14.
1134 3453 1273 3515 Boetticb.

189 3542 290 3601 Lexie.
313 3541 404 3600 Tacit.
427 3561 457 3618 p.
482 3540 568 3598 CXL.
590 3559 633 3618 sq.
657 3538 776 3617 Rupert.
801 3537 892 3598 ludic.
910 3539 1028 3598 Latiuit
1046 3541 1140 3600 Tacit.
1160 3563 1188 3621 p.
1208 3538 1272 3599 837

189 3623 227 3685 Ν.
246 3627 334 3685 Baob.
353 3624 390 3684 ad
407 3625 497 3684 Tacit.
516 3625 619 3683 Annal.
639 3626 669 3682 1.
688 3627 738 3683 10.
758 3635 789 3683 ιι
810 3626 857 3703 qui
875 3625 927 3683 bos
946 3626 1058 3697 citavit,
1086 3625 1225 3686 Eclrstein
1241 3619 1273 3682 acl

190 3711 295 3790 dialog.
315 3711 351 3772 (lo
371 3721 456 3786 oratt.
474 3731 501 3790 p.
521 3712 572 3770 81.
591 3709 759 3786 Palillogiae
778 3711 936 3789 exemplum
956 3721 1001 3770 est
1017 3709 1092 3789 apud
1111 3709 1173 3770 Cic.
1194 3706 1271 3769 Catil.

189 3800 218 3868 1,
238 3799 267 3867 1,
288 3799 316 3855 3.
335 3781 429 3868 Fuit,
445 3794 527 3876 fuit
543 3798 601 3855 ista
619 3797 796 3874 quondam'
782 3815 813 3854 ιιι
831 3797 888 3854 dae
904 3795 1060 3874 republica
1076 3799 1187 3870 ιιιιιιις
1204 3800 1269 3860 nat,

188 3901 262 3953 noa,
282 3884 348 3940 deco
368 3892 479 3958 aperte,
499 3884 633 3942 consules
651 3882 791 3940 decumus.-
810 3899 837 3939 v.
855 3880 995 3941 Matthiae
1012 3881 1139 3942 Tbeorie
1159 3881 1209 3960 des
1227 3879 1270 3938 lat

189 3967 258 4028 Stils
275 3987 302 4046 p.
321 3968 373 4026 41.

273 4051 401 4112 1.1ι1ιιιι
423 4051 540 4110 verbum
563 4053 704 4131 repetitur
724 4053 807 4113 initio
830 4053 967 4131 cuiusque
990 4051 1111 4114 membri
1129 4047 1269 4116 orationis,

189 4138 271 4218 quale
300 4147 345 4197 est
371 4137 400 4194 iu
427 4132 561 4220 ἀναφορᾷ
587 4139 647 4198 sive
673 4135 800 4220 ἐπιβολῇ.
843 4136 1018 4217 Auapborae
1044 4139 1204 4218 exemplum
1230 4139 1270 4192 est

256 4323 290 4388 ⁴¹)
308 4327 343 4375 lbi
352 4323 415 4374 nibil
425 4330 465 4374 eat
473 4325 505 4374 de
515 4325 691 4389 admiratione,
701 4341 785 4387 neque
795 4325 855 4386 quid
863 4339 894 4376 ea
903 4287 954 4378 bue
965 4327 1097 4389 pertineat
1104 4325 1226 4385 intelligo.
1242 4319 1268 4364 a.
