2764 4978
1111 519 1146 561 ΧΙ

158 665 240 731 llaec
262 668 359 730 slutlia
382 661 557 756 optimarum
580 667 687 731 artium
710 667 860 815 potilisper
881 667 1047 754 interrupta
1065 679 1147 750 sunt,

83 771 161 840 quum
178 752 209 815 in
227 752 304 815 bello
321 752 456 816 Marsico
475 750 559 816 Sulla
577 755 650 816 duee
669 751 707 814 mi
721 754 811 815 itaret
824 757 858 797 Ν
879 802 886 817 .

156 836 250 901 Paulo
278 849 345 923 post
371 835 479 902 Cicero
507 849 635 922 epatre
661 837 701 920 Q.
724 837 827 901 Mucio
851 838 1015 902 benevolae
1041 837 1151 902 aururi

82 921 197 986 traditus
215 935 274 1002 est,
298 935 366 1007 post
382 923 466 986 cuius
488 934 614 986 mortem
636 923 721 986 brevi
743 935 933 986 consecutam
948 923 999 1007 3³)
1021 923 1060 1006 Q.
1074 943 1088 988 ..¹
1116 943 1150 985 u·

82 1005 150 1070 cium
171 1006 348 1072 Scaevolam
370 1007 536 1094 pontificem
560 1009 690 1072 sectatus
714 1017 761 1071 est
775 1007 836 1092 ¹⁴).
880 1007 1053 1090 Eodemque
1076 1019 1152 1074 tem·

82 1113 158 1176 pore,
187 1104 221 1156 nt
247 1094 381 1172 videtur,
410 1093 447 1156 etl
468 1091 594 1176 Pupium
615 1091 773 1171 Pisonem,
806 1093 876 1156 item
902 1093 1149 1172 iureconsultum,

81 1178 168 1240 virum
194 1180 336 1264 antiquae
362 1178 548 1242 strenuitatis
575 1189 605 1241 et
630 1179 779 1240 maximae
806 1178 974 1255 doetrinae,
1009 1179 1151 1241 deductus

82 1273 122 1324 est
133 1263 198 1348 ¹⁵),
223 1276 313 1346 atque
331 1263 602 1327 exconsuetudine
619 1261 665 1326 M.
685 1261 823 1344 Antonii,
847 1263 1033 1326 celeberrimi
1051 1273 1165 1326 orato--

82 1347 132 1427 ris,
154 1350 330 1412 nonnullum
347 1351 476 1413 fructum
493 1348 625 1434 percepit
637 1350 700 1431 ¹⁶).

157 1431 321 1498 (iratorum
343 1443 458 1512 autem,
483 1452 607 1516 qnorum
630 1443 692 1496 tum
714 1433 845 1496 maxime
867 1434 1035 1497 florentium
1058 1432 1153 1518 publi·-

84 1538 126 1582 eas
143 1519 276 1582 oenones
295 1541 360 1582 eum
383 1519 505 1582 assidua
524 1519 672 1584 industria
693 1519 847 1597 audiebat,
875 1539 935 1581 non
959 1539 1018 1581 nna
1041 1520 1076 1580 tle
1098 1539 1153 1580 na·

83 1611 142 1666 tura
162 1605 351 1688 eloquentiae
373 1604 473 1690 opinio
496 1615 572 1667 erat.
621 1603 701 1668 Nam
729 1603 780 1666 alii
806 1625 846 1667 ex
867 1603 1061 1667 reconditiori
1084 1605 1152 1666 tloe·

83 1689 152 1751 trina
172 1691 399 1752 fundamentum
421 1690 485 1752 eius
508 1689 582 1752 artis
605 1690 686 1751 nacti
703 1689 886 1788 disciplinam
906 1689 1067 1752 oratoriam
1086 1709 1153 1752 cum

84 1775 243 1857 cognitione
264 1775 405 1838 historiae
424 1785 455 1838 et
471 1774 605 1858 inprimis
624 1774 824 1858 philosophiae
842 1792 935 1858 paene
953 1774 1069 1836 inlinita
1083 1795 1154 1836 eon-

83 1857 202 1922 innetam
220 1861 260 1922 ab
279 1860 448 1922 oratoribus
467 1861 503 1921 od
522 1861 672 1922 forensem
690 1881 776 1922 nsum
795 1859 896 1922 afferri
918 1860 1074 1937 volebant3
1103 1857 1155 1921 alii

83 1941 217 2028 iidemque
235 1945 337 2030 plures
355 1965 480 2007 numero
496 1955 628 2008 veterem
648 1946 794 2026 quandam
812 1945 979 2028 opinionem
990 1944 1155 2026 sequeban-

84 2037 135 2108 tur,
158 2053 214 2094 usu
233 2041 384 2094 oratorem
403 2030 479 2108 lieri,
503 2041 538 2100 et¹
551 2031 722 2100 facultatem
741 2030 903 2092 oratoriam
921 2029 1043 2114 ingenio
1061 2049 1155 2111 nego-

84 2111 126 2176 tiis
143 2115 266 2178 subacto
284 2115 349 2194 sine
368 2115 473 2178 studiis
491 2115 683 2177 humanitatis
702 2114 813 2198 parari.
859 2113 962 2194 lnhis
986 2125 1052 2177 erat
1075 2113 1155 2186 Hor·

85 2199 204 2280 tensius,
243 2221 331 2282 quem
359 2197 466 2262 Cicero
493 2196 551 2262 illis
579 2200 682 2277 annis,
720 2200 825 2282 qulbus
856 2200 1008 2264 orationes
1039 2198 1155 2283 publice

84 2281 188 2352 habitas
211 2286 317 2349 audire
340 2285 470 2361 solebat,
499 2295 533 2347 ut
550 2295 700 2347 oratorem
719 2284 992 2367 eloquentissimum
1011 2283 1155 2366 sequeba-

85 2371 202 2455 turss),
227 2373 323 2434 donec
342 2371 379 2432 ad
397 2369 495 2432 studia
512 2369 713 2454 philosophiae
730 2389 784 2453 per
800 2367 972 2447 Philonem,
996 2367 1156 2431 Academi-

86 2473 157 2532 cum,
194 2456 310 2519 clarum
337 2452 515 2518 Clitomachi
542 2455 796 2538 discipulumst),
829 2455 1019 2526 incitabatur.
1073 2452 1156 2518 Anto

85 2532 228 2604 Philonem
247 2539 384 2606 Phaedro
402 2537 551 2633 Epicureo
571 2560 691 2626 operam
709 2540 832 2603 dederat
845 2541 907 2626 ¹⁹).

85 2697 292 2718 ...ψ-...-

87 2799 201 2862 orntoree,
219 2801 265 2862 qul
274 2814 304 2848 eo
314 2803 429 2861 tempore
437 2799 463 2848 ln
473 2802 530 2850 loro
539 2803 730 2863 versabantur),
743 2803 901 2865 frequenter
913 2801 1019 2848 audiena
1029 2801 1156 2847 onesimo

86 2866 160 2914 stede
179 2871 293 2938 tenebor,
316 2871 477 2931 quotidieque
494 2878 522 2917 et
537 2872 650 2918 :moene
667 2877 695 2916 et
711 2871 795 2931 legens
807 2877 836 2916 et
847 2875 1019 2917 cementum
1032 2870 1158 2916 oratorii:

89 2937 177 2982 tostum
190 2940 422 2986 exercitationibus
431 2946 567 2986 contentus
580 2955 630 2986 non
643 2953 728 2996 ercan,
751 2939 767 2984 i.
781 2953 803 2986 e.
821 2939 861 2986 ich
875 2953 929 2988 war
941 2938 1012 2984 nieht
1026 2937 1158 2984 zuirietlcn
1178 2945 1182 2956 ⁴
1230 2961 1238 2978 .

88 3001 127 3058 mil
142 3019 188 3056 nur
205 3007 387 3054 redueriechen
402 3008 553 3068 Uebungen‚
577 3007 686 3054 eundern
699 3008 768 3068 legte
782 3007 848 3053 mich
863 3007 930 3052 auch
944 3008 990 3052 aul
1005 2989 1156 3051 Rechtsstu-

88 3067 155 3131 ilum,
173 3075 241 3122 hairu
255 3075 302 3120 nul
311 3073 481 3133 Philosophie.
516 3076 571 3121 lloc
584 3076 667 3135 ipsum
681 3075 749 3120 aucit
763 3075 788 3120 in
800 3075 932 3133 proximis,
951 3078 1085 3133 postquam
1100 3085 1157 3118 cer-

88 3136 131 3185 bis:
147 3141 204 3188 laen
217 3149 386 3203 consequente
400 3157 468 3188 anuo
482 3142 515 3206 (a.
524 3144 553 3188 U.
563 3143 625 3203 665)
641 3144 671 3200 Q.
686 3143 782 3188 Varius
795 3156 844 3189 eun
857 3143 910 3202 Iege
919 3141 1058 3187 deuocatus
1067 3151 1159 3186 excet-

88 3215 154 3283 terct
164 3211 307 3258 absentiam
321 3211 350 3264 Q.
359 3211 431 3257 Varii
444 3211 606 3273 memoravit,
629 3224 705 3269 quem
718 3209 820 3258 assidue
833 3211 860 3256 in
874 3212 930 3258 loro
944 3210 1033 3258 nudhe
1048 3221 1158 3256 connsue-

89 3279 190 3406 imeii)
209 3361 232 3396 v.
247 3345 377 3396 Plutarch.
387 3347 415 3392 V.
434 3347 486 3393 Cic.
500 3361 521 3393 e.
532 3349 555 3394 3.

150 3411 191 3476 ¹³)
210 3416 240 3469 Q.
249 3417 350 3462 stacius
365 3416 489 3464 Scaevola
503 3429 585 3475 augur
598 3415 661 3462 obiit
673 3429 725 3462 nou
738 3415 776 3462 lto
789 3415 870 3462 multo
884 3417 942 3474 post
955 3414 1050 3462 bellum
1064 3411 1158 3459 blaesi·

90 3489 139 3526 turn
148 3482 198 3530 eive
208 3488 267 3544 poet
276 3498 299 3530 a.
309 3485 337 3529 U.
348 3486 397 3530 664
406 3485 461 3546 (66)
476 3487 501 3530 et
515 3484 622 3543 proinde
635 3488 693 3543 poet
707 3498 800 3530 annum
811 3483 941 3530 Ciceronis
952 3485 992 3528 17.
1014 3483 1052 3528 De
1066 3495 1095 3528 eo
1111 3479 1159 3527 uid.

90 3545 142 3607 hng.
157 3551 217 3599 Mei,
251 3552 453 3612 Prosopograph.
472 3553 523 3599 Cic.
541 3553 572 3600 de
585 3553 646 3612 Rep.
661 3566 684 3612 p.
697 3553 797 3598 XLVII.
815 3551 853 3598 ed.
872 3553 967 3612 Stuttg.
985 3549 1057 3611 (Vol.
1072 3551 1116 3616 lo,
1136 3551 1160 3598 3.

90 3619 299 3748 miiiiiiac
312 3688 381 3734 itaer.
396 3701 417 3734 c.
427 3691 451 3734 1.
472 3687 542 3736 erut.
553 3688 594 3748 sn
609 3689 667 3735 aas.
678 3681 721 3734 'oe
734 3687 843 3748 rutrspp.
853 3689 877 3746 a,
893 3689 934 3733 uo.

151 3753 191 3817 15)
208 3757 334 3812 Asconius
345 3757 376 3802 ad
386 3757 437 3810 cte.
447 3771 485 3804 or.
501 3758 526 3803 in
540 3757 658 3804 Pisonem
672 3771 694 3802 c.
704 3759 744 3802 2'l.
762 3756 883 3822 (operum
893 3753 1023 3802 Ciceronis
1037 3753 1087 3800 vol.
1097 3756 1121 3812 8,
1137 3755 1160 3800 1.

91 3822 170 3934 1³:32².
184 3824 350 3939 εᾱέθδῖοὴῡη.)
370 3823 427 3871 vio.
441 3826 550 3885 interpp.
564 3823 596 3872 etl
609 3823 661 3874 Cle.
674 3823 743 3872 Lnel.
756 3825 773 3870 1.
788 3837 809 3871 e.
827 3832 853 3872 et
870 3824 902 3870 ad
914 3823 1015 3882 Dialug.
1033 3821 1063 3869 tle
1078 3823 1160 3869 Orati.

92 3900 103 3932 c
151 3907 195 4021 ¹⁸P)
210 3925 414 4020 Cicideornm,
430 3965 454 4022 1,
469 3963 493 4008 3.
533 3973 536 3981 ’
702 3945 706 3952 ’
1054 3913 1073 3940 Ι

152 4025 193 4086 ¹¹)
210 4031 279 4077 Brut.
292 4032 337 4089 66,
357 4031 414 4075 361.
673 4050 677 4071 t

156 4093 193 4157 18)
211 4098 342 4145 Philonem
357 4097 452 4144 audivit
466 4112 488 4144 a.
502 4099 531 4145 U.
546 4101 594 4145 666
609 4097 681 4159 (88),
709 4109 776 4145 anno
790 4097 883 4144 aetatis
898 4099 937 4146 1o.
962 4095 1018 4142 vid.
1031 4093 1161 4144 Plutarch.

93 4154 136 4204 Vll.
149 4163 197 4211 Cic.
207 4168 229 4213 3.
256 4167 527 4222 Coni.Cic.Aeod.2,
543 4171 571 4225 6,
587 4169 627 4213 ti.
655 4167 724 4212 Brut.
738 4169 779 4220 89,
795 4168 852 4212 366.
866 4166 896 4211 de
910 4165 985 4212 N.'D.
1000 4167 1023 4225 1,
1039 4167 1062 4210 3.
1088 4163 1160 4210 Philo

94 4226 163 4330 ‘liuta¹
171 4234 301 4349 :hellurum
315 4236 595 4348 prqeeEepttetprssdebialt,
609 4235 748 4350 geqtzclcx}
759 4233 835 4350 'll'uasc
849 4233 972 4352 giwii}
988 4235 1058 4347 lepti.
1089 4297 1156 4344 cour

95 4297 461 4434 uera.)n.⁹e⁵ii1⁰⁸ifi¹,¹ai¹ie
474 4306 645 4433 ubiubi,
660 4303 726 4418 irs(
750 4316 784 4352 θ’
810 4315 863 4384 Ῥ”
889 4316 946 4350 '⁰'
974 4302 1069 4380 ω’)
1155 4329 1161 4344 ’
