2678 4974
189 468 255 528 aaa
349 463 609 518 contueamur
632 465 673 516 m⁴
689 443 879 517 cicniion‘ts
899 463 1109 518 saansaan.
1200 438 1204 455 '

486 552 491 578 ,
666 553 679 565 ,

186 633 350 702 δεινοτάτου
371 637 427 699 τῶν
449 631 575 719 ῥητόρων
596 642 634 709 εἰς
655 633 705 716 τὴν
726 638 880 718 assitme
900 641 1099 736 τνειίοιιγγιένος
1117 631 1260 698 talesan.

191 724 249 788 Γ
217 748 267 786 ουτ
296 722 361 804 η’νία
378 727 531 829 Καίσαρα,
553 725 724 824 κατηγορίαν
746 719 836 784 αὑτοῦ
827 719 1056 825 νομίζοντα
1027 745 1079 784 τον
1098 721 1153 783 τοῦ
1169 729 1261 801 τεθνη-

121 839 124 842 ·
187 805 272 882 κότος
297 807 330 872 δι’
361 806 450 870 αὐτὸν
475 805 597 869 ἔπαινον.
637 797 780 903 ’Ἑγραψον
806 799 857 868 οὖν
882 801 993 880 πολλάς
1019 831 1095 880 τινας
1122 805 1198 868 κατά
1217 806 1263 868 τοῦ

186 891 328 968 Κάτωνος
344 899 436 966 αι’τίας
451 887 638 974 συναγαγών·Ι
635 889 728 956 noct
744 896 851 995 βιβλίον
809 887 1042 955 ίονἉντινιάτονν
1055 897 1261 996 ἐπιγέγραπται.

181 975 251 1042 icat
276 977 497 1052 σινουὸαοτάς”
480 1003 537 1060 εχει
555 978 611 1040 τῶν
632 973 724 1058 λόγων
746 973 879 1060 ἑκάτερος
903 977 952 1040 διὰ
973 982 1114 1060 Καίσαρα
1137 982 1186 1040 καὶ
1206 974 1262 1040 Κά-

186 1087 264 1128 τωνα
292 1061 423 1138 ιιολλοάς.
467 1065 656 1123 Nihilominus
683 1063 791 1123 Caesar
825 1066 915 1143 palam
947 1063 984 1124 de
1015 1065 1088 1123 libro
1119 1065 1160 1123 M.
1186 1065 1262 1123 'l'ullii

187 1153 475 1211 bonorificentissime
490 1149 651 1208 iudicabat:
671 1149 749 1226 Lege
760 1152 913 1228 spiritalem
933 1150 1093 1229 (Caesaris,
1108 1151 1150 1209 ait
1164 1150 1260 1208 Cicero

140 1255 147 1275 .
187 1237 223 1296 nd
241 1236 330 1296 Attio.
350 1239 404 1308 13,
423 1238 475 1295 46.
494 1236 561 1294 Vol.
580 1237 609 1294 5.
626 1255 657 1313 γ.
676 1235 778 1306 27863
803 1237 895 1294 multu
918 1237 954 1294 de
975 1252 1038 1294 meu
1060 1238 1187 1307 Catone,
1211 1257 1261 1314 666

185 1325 354 1401 saepissime
378 1323 503 1399 legendo
525 1341 557 1378 se
582 1323 656 1378 dien
676 1322 869 1398 copiosiorem
884 1319 1021 1398 suetum‚·
1044 1324 1136 1380 Bruti
1156 1323 1261 1384 Cotoae

117 1437 118 1442 ν
186 1411 262 1467 lacto
280 1428 312 1466 se
329 1408 390 1466 sibe
402 1409 492 1490 pssum
516 1407 663 1463 desertum.
708 1403 764 1464 Dio
784 1405 953 1464 Cassiusll.
973 1405 1006 1464 R
1024 1407 1153 1476 43,13
1176 1409 1261 1466 καίτοι

184 1489 278 1554 καὶ
250 1515 300 1553 τον
318 1477 484 1552 Κάτάνα
466 1511 569 1552 comosa
587 1480 634 1550 66
658 1480 733 1550 οὕτω
751 1486 804 1570 γάρ
822 1487 910 1592 αὐτὸν
928 1485 1172 1594 666666666666,
1196 1483 1260 1552 ὥστε

183 1601 236 1642 τοο
223 1578 417 1658 Κικέρωνος
438 1569 575 1656 ἐγκώμιον
595 1570 668 1682 6666
684 1574 777 1636 ταῦτα
799 1573 889 1636 αὐτοῖν
909 1571 1086 1678 γράψαντος,
1108 1575 1260 1657 ἀγανακτῆ-

158 1659 159 1664 ¹
183 1687 233 1725 σαι
250 1664 300 1765 μιν
317 1637 418 1764 6666,
437 1664 545 1764 καίριερ
555 1663 604 1720 καὶ
621 1665 727 1722 ἐκείνου
745 1684 771 1721 οι
767 1656 1089 1742 ννροοντολνμήσαντος,
1111 1665 1219 1744 βιβλίον
1234 1663 1261 1722 dl

19 1828 21 1839 .
98 1789 100 1799 ι
182 1773 211 1810 τι
233 1743 359 1830 γράψαι,
386 1741 473 1808 teat
490 1741 662 1807 Ἀντικάτων
684 1741 807 1808 ἐκάλεσε.
854 1748 1006 1826 Specimeu
1029 1757 1125 1806 autern
1149 1767 1260 1806 accusa-

183 1837 292 1892 tionum
316 1834 449 1892 Caesaris
473 1851 542 1910 erga
567 1833 704 1890 Catonem
731 1833 819 1891 habes
846 1833 919 1911 apud
942 1833 1125 1892 Plutarchum
1148 1833 1184 1894 V.
1204 1833 1258 1890 Cat.

184 1919 259 1978 Utic.
279 1939 305 1977 e
325 1910 1155 1998 11.,1151ογραψαςοεῑιρνο(ΙοοεονιιιΑοῑιοοῑοοο
1184 1919 1258 1977 conf.

184 2026 210 2066 c.
230 2005 281 2063 36.
300 2023 375 2062 vers.
396 2003 442 2060 lin.
462 2004 512 2061 52.
533 2005 582 2062 54.
610 2003 669 2062 Vit
690 2003 751 2060 Cic.
771 2022 797 2060 c.
817 2005 867 2062 39.
912 2003 982 2062 Erat
1009 2006 1126 2062 omnino
1151 2005 1258 2062 Catonis

94 2103 98 2110 '
183 2100 232 2148 aut
259 2088 390 2148 defensio
417 2099 465 2146 aut
491 2089 637 2146 accusatio
664 2087 852 2166 scriptoribus
880 2090 941 2146 cius
967 2091 1104 2167 temporis
1133 2091 1258 2148 materies

183 2173 330 2233 ailamata:
352 2193 414 2232 nam
433 2183 463 2231 et
478 2173 584 2232 Hirtius
598 2171 800 2232 Anticatonern
821 2174 1041 2250 conscripserat,
1062 2191 1146 2253 quem
1162 2176 1257 2252 Cicero

182 2281 235 2339 per
259 2260 391 2320 librarios
413 2257 510 2316 Attici'
525 2258 785 2319 transscribendum
810 2251 1065 2338 divulgandumque
1088 2261 1211 2330 curavit,
1233 2269 1258 2316 ut

182 2349 244 2424 ipse
269 2356 366 2404 narrat
387 2343 422 2402 ad
445 2343 535 2402 Attio.
559 2347 612 2415 12,
636 2347 688 2402 411.
711 2345 778 2403 Vol.
798 2347 827 2403 5.
850 2365 877 2423 p.
897 2345 969 2403 164.
992 2341 1046 2415 12,
1070 2349 1122 2403 44.
1147 2367 1175 2424 p.
1194 2345 1257 2404 174.

183 2435 236 2502 12,
255 2433 307 2490 45.
328 2452 355 2509 p.
376 2430 447 2488 178.
468 2432 521 2500 12,
540 2431 592 2488 47.
612 2449 639 2507 p.
661 2431 730 2487 180.
767 2429 805 2487 m
827 2428 931 2488 ibidem
952 2431 1005 2500 12,
1024 2432 1079 2500 41,
1100 2432 1131 2488 3.
1151 2431 1214 2488 Vol.
1233 2431 1257 2486 5.

182 2517 298 2595 6171.
326 2516 526 2573 Anticatoncm
547 2515 621 2572 illurn
643 2514 734 2585 Hirtii,
754 2513 789 2572 ad
809 2535 840 2573 sc
858 2517 980 2584 missum,
995 2513 1070 2573 dicit
1087 2510 1258 2595 πρόπλαογια

183 2605 245 2659 eius
263 2601 502 2678 vituperatioms,
523 2619 607 2676 quum
628 2601 740 2658 Caesar
755 2602 928 2678 scripsistis
948 2603 1069 2658 Catone.
1107 2600 1258 2660 Praeterea

183 2688 322 2744 Catonem
346 2686 503 2762 scripserat
524 2685 563 2742 M.
583 2683 686 2742 Fabius
704 2683 814 2756 Gallus,
838 2695 869 2742 ut
891 2695 970 2763 patet
989 2705 1025 2744 ex
1044 2685 1149 2763 Epistt.
1168 2685 1256 2744 Famil.

182 2773 216 2842 7,
241 2773 291 2828 24.
320 2771 385 2828 Vol.
409 2771 437 2828 5.
466 2789 494 2848 p.
518 2771 590 2828 292.
614 2780 644 2828 ct
671 2770 703 2840 7,
727 2771 778 2828 25.
807 2791 834 2848 p.
858 2771 944 2841 297,
972 2770 1019 2828 ubi
1046 2769 1111 2829 vido
1138 2771 1256 2838 Scbutz.‚

182 2855 337 2934 itidemque
359 2855 626 2925 Munatiusllul'us,
650 2856 756 2913 amicus
779 2855 910 2925 Catonis,
936 2872 1091 2934 quanquam
1116 2875 1169 2934 per
1191 2857 1256 2914 bunc

182 2943 284 3000 iniuria
304 2943 407 3012 laesus,
428 2939 463 2999 de
483 2942 562 3000 cuius
582 2939 691 2998 Catone
709 2939 774 2998 vide
790 2939 934 2998 Plutarch.
949 2941 985 3024 V.
1001 2939 1063 2998 Cat.
1081 2941 1156 3000 Utic.
1172 2963 1197 3000 c.
1212 2939 1256 2999 37.

182 3027 270 3086 Mitius
289 3026 415 3085 eiusdem
435 3027 508 3085 libro
527 3045 594 3084 usus
612 3037 656 3086 cst
673 3025 707 3084 L.
725 3015 853 3084 Thraseit
872 3025 988 3097 Paetus,
1013 3028 1130 3084 maritus
1149 3027 1256 3092 Arriae,

181 3113 307 3171 Fanniae
335 3114 432 3172 uxoris
460 3111 582 3172 Helvidii
610 3113 724 3170 maioris
752 3123 846 3190 pater,
876 3113 956 3170 euius
983 3109 1107 3170 laudatio
1135 3111 1256 3171 Aruleno

181 3197 299 3256 Rustico
327 3199 457 3276 capitalis
480 3198 545 3268 tuis,
576 3204 618 3268 (ut
644 3197 772 3255 omnibus
799 3215 835 3255 ex
856 3197 948 3254 ’1οοίῑί
976 3197 1089 3275 scriptis
1117 3198 1255 3275 cognltpm

182 3292 258 3352 est),
292 3302 354 3340 cusu
382 3293 412 3340 st
437 3283 500 3360 ipse
528 3281 625 3340 laudes
652 3281 769 3342 Catonis
797 3293 996 3361 componeret,
1029 3292 1060 3340 ut
1086 3291 1200 3342 constat
1224 3299 1256 3338 ex

182 3367 325 3426 Plutarchi
349 3367 368 3424 l.
388 3387 414 3425 c.
434 3367 499 3424 coll.
520 3387 545 3424 c.
565 3369 616 3425 25.

266 3471 411 3530 autequam
435 3455 605 3529 attigissem.
651 3451 712 3510 Huc
736 3463 866 3532 spectant
887 3451 975 3512 verba
997 3452 1026 3510 in
1049 3453 1170 3532 epistola
1188 3452 1255 3509 Cae·

182 3538 264 3596 cinae
283 3539 359 3594 inter
378 3537 528 3595 Ciceronis
547 3537 650 3615 Epistt.
667 3537 763 3612 Finit.
781 3539 815 3606 6,
835 3539 864 3596 7.
883 3538 950 3596 Vol.
963 3543 994 3596 4.
1014 3557 1041 3616 p.
1057 3539 1130 3597 445.
1157 3540 1255 3613 Auges

181 3625 270 3680 etrum
289 3633 319 3682 tu
337 3624 411 3680 milei
427 3625 571 3692 timorem,
596 3624 649 3699 γαί
669 3625 698 3680 in
720 3625 847 3680 Oratore
866 3631 914 3681 tuo
934 3641 1020 3682 caves
1032 3624 1096 3682 'titt’
1109 3643 1169 3702 per
1184 3625 1254 3680 Bru-

182 3718 254 3777 tum,
275 3710 362 3789 ettad
380 3710 595 3766 recusationem
613 3709 722 3766 socium
741 3709 868 3785 quoeris.
912 3709 949 3766 Et
971 3709 1080 3767 timoris
1103 3719 1253 3787 temporum

181 3793 277 3850 virtuti
300 3793 475 3850 inimicorum
505 3811 590 3850 causa
611 3792 725 3850 Tacitus
747 3794 823 3852 vitae
846 3795 942 3852 soceri
965 3793 1149 3872 scriptionem
1172 3809 1253 3851 encu-

181 3876 296 3935 sundam
320 3888 399 3936 ratus
425 3879 453 3935 in
477 3878 536 3936 Vit.
560 3877 661 3954 Agris.
685 3897 710 3935 ο.
735 3880 764 3935 1.
787 3879 828 3936 ita
851 3877 981 3957 scripsit:
1019 3879 1066 3938 At
1089 3881 1162 3937 milii
1183 3891 1253 3934 nune

181 3972 342 4020 nrirraturo
365 3965 454 4021 uitem
477 3961 611 4040 dqfcnctt'
633 3964 758 4022 humabis
779 3966 866 4024 venia
889 3983 961 4041 opus
978 3961 1060 4041 fait:
1090 3975 1173 4041 6666
1199 3975 1251 4018 οονι

176 4050 328 4124 perissem,
356 4051 391 4106 ni
411 4051 613 4106 νἰνοιινοοιιινιιν
636 4058 694 4106 tum
715 4067 804 4108 saeua
828 4059 861 4106 et
879 4046 988 4125 infesta
1010 4049 1167 4124 6266666
1189 4055 1251 4104 tem·

176 4135 255 4210 γιονό
278 4133 297 4190 1.
317 4153 343 4191 e.
363 4133 440 4192 htltte
464 4133 509 4190 ich
534 4133 611 4190 nicht
633 4153 667 4192 zu
687 4134 754 4192 than
778 4133 828 4192 init
846 4135 928 4194 einer
944 4134 1022 4204 Zeit,
1047 4131 1092 4193 die
1112 4155 1143 4192 so
1162 4147 1251 4190 unem-

181 4217 314 4292 pbudlicb
338 4217 393 4276 und
417 4217 570 4294 lcindselig
592 4237 688 4295 gagen
711 4217 758 4280 die
776 4217 895 4296 Tugend
917 4219 964 4278 ist.
1010 4217 1088 4278 llaec
1107 4209 1249 4278 similitudo

181 4304 308 4361 locorum
337 4304 479 4375 Oretanis,
515 4302 621 4382 dialogi
643 4302 684 4368 ,dc
713 4303 894 4375 Oratoribus,
928 4310 981 4377 (ex
1013 4301 1248 4364 animadversione
