2672 4986
351 549 353 561 ,
462 487 558 544 ‘cna
576 491 638 544 xrs.
661 485 707 546 5.·
737 503 741 515 ·
797 505 820 531 ··
1062 495 1127 558 rsa

69 665 191 722 citatione
214 674 245 722 et
266 661 419 723 umbratili
438 665 561 724 medam
584 667 615 724 ia
637 683 755 742 amca,
779 666 809 724 ia
828 665 992 744 puluerem,
1016 668 1046 726 ia
1065 668 1126 727 ela-

68 769 170 819 aarear,
197 753 227 808 ia
255 758 354 808 casae
381 758 470 828 atque
496 751 527 810 ia
554 751 645 810 aee'eot
668 747 837 827 sorensem:
869 752 1035 812 endecadas
1060 772 1127 812 aeae

68 835 173 892 tarataram
196 844 227 894 et
244 835 466 911 periclitandae
487 836 566 892 vires
588 837 703 911 ingeni,
728 844 760 892 et
779 835 832 892 illa
855 839 1058 894 eorrtracatatio
1081 840 1125 895 ia-

67 920 135 976 elusa
152 921 179 977 ia
197 921 333 977 acritattb
351 920 442 976 lacaena
459 916 645 996 proferenda
663 928 715 978 est.
759 919 814 978 Vel
833 931 926 977 eastra
946 931 975 978 et
993 919 1125 980 taberna-

66 1003 118 1060 cula
134 1004 300 1062 umbraculis
318 1005 493 1074 relocantur,
519 1014 554 1068 ut·
570 1004 599 1062 iu
621 1004 753 1074 Brute,
772 1004 822 1064 37.
842 1003 878 1066 de
902 1005 1002 1067 eodem
1022 1005 1125 1065 liemc-

66 1089 127 1145 tria:
144 1099 334 1166 processerat
355 1090 430 1150 cara
449 1091 478 1148 ia
500 1090 589 1152 salem
608 1099 641 1148 et
654 1091 818 1166 pulcarem,
843 1109 901 1150 aaa
920 1101 985 1156 ata
1003 1093 1128 1152 militari

67 1173 263 1244 tolerataealo,'
279 1175 332 1232 sed
352 1183 421 1231 ate
444 1174 650 1250 Theophrasti,
675 1175 835 1232 1555955751
850 1176 986 1245 hooat'ra's,
1009 1176 1126 1238 amira·

65 1259 134 1316 rolis.
176 1257 258 1328 „llos
283 1269 341 1333 est,
364 1277 421 1318 aaa
443 1258 471 1316 iu
495 1260 588 1320 causis
610 1259 771 1320 forensibus
792 1270 920 1320 versatus
943 1271 1000 1330 est,
1023 1260 1073 1318 sed
1098 1264 1125 1320 in

65 1342 281 1421 pbilosophorum
309 1342 461 1404 subtiliat
488 1341 545 1402 leni
573 1345 694 1402 ratione.
732 1345 815 1402 Cani.
842 1344 943 1404 arahra
966 1377 1009 1392 κ
1027 1348 1126 1422 palcis

65 1428 89 1484 in
108 1429 194 1486 elav.“
228 1428 300 1488 Eun.
337 1427 509 1488 deierantur
530 1430 606 1486 inter
628 1447 660 1487 se
681 1449 759 1488 artua
782 1439 811 1487 et
834 1429 974 1507 palaestra
1002 1428 1121 1488 ibidem:

63 1513 208 1572 Phalereus
229 1515 305 1574 cattia
329 1515 471 1572 suecessit
494 1515 536 1574 aab
560 1513 678 1574 senibus
705 1513 887 1585 adolescens,
916 1509 1126 1574 erudt't'essiraias

64 1598 108 1654 ille
132 1601 255 1674 quidem,
279 1601 340 1658 ‘sed
363 1617 423 1674 rpoa
451 1607 508 1658 tam
535 1602 625 1658 aratis
651 1601 813 1670 restitutus,
847 1619 931 1677 qaam
958 1601 1122 1677 palaestra.

65 1680 217 1762 Respiciens
244 1681 280 1742 ad
307 1683 362 1742 boe
390 1680 542 1742 discrimen
569 1684 738 1762 palaestras
759 1694 789 1742 et
814 1703 925 1762 pugnae
950 1684 1124 1744 Cleochares

64 1767 233 1844 Stuydeanns
255 1768 283 1826 iu
303 1767 396 1828 Photii
416 1765 489 1829 Bibl.
508 1766 572 1828 eod.
591 1767 663 1828 176.
683 1769 747 1828 Vol.
768 1773 796 1826 1.
815 1789 841 1848 p.
861 1771 1006 1839 121,13.
1026 1770 1058 1828 B.
1078 1769 1123 1829 ed.

64 1851 142 1910 lleib.
173 1862 215 1931 (p.
243 1855 316 1914 204.
343 1873 416 1912 vers.
440 1853 487 1912 ltu.
511 1851 557 1912 ed.
581 1852 717 1923 lloescb.)
748 1849 815 1925 coac
843 1854 894 1932 μὲν
919 1855 1127 1934 Λημοσθένους

63 1931 151 2014 λόγους
174 1940 215 1999 ait
238 1949 299 2008 τοῖς
322 1937 379 1998 τῶν
403 1936 583 2018 στρατιωτῶν
608 1942 727 2002 ἐοικέναι
752 1933 878 2018 μάλιστα
903 1933 1029 2019 σώμασι,
1060 1935 1125 2012 τοὺς

62 2018 310 2103 δ’·Ἰσοκρατὶκοὺς
334 2035 393 2095 τοῖς
417 2023 474 2086 τῶν
500 2019 650 2102 ἀθλητῶν,
677 2025 840 2102 quibuscum
864 2025 885 2084 l.
907 2025 938 2084 G.
964 2025 1063 2084 Piund.
1088 2025 1124 2084 de
1189 2069 1193 2086 .

10 2161 12 2184 ,
63 2106 140 2166 isaar.
166 2112 213 2168 ait.
242 2119 272 2167 et
297 2127 369 2168 serr.
397 2129 424 2187 p.
446 2113 477 2168 4.
500 2107 565 2170 adn.
593 2121 741 2186 comparat
766 2109 870 2168 dietum
899 2110 1019 2189 Philippi
1047 2113 1125 2188 regis
1201 2155 1203 2162 .
1251 2115 1260 2144 ⁸

62 2191 126 2268 apud
147 2193 324 2254 Plutarchum
348 2193 406 2254 Vit,
426 2195 475 2256 10.
495 2194 585 2255 ‚rbett
608 2195 636 2252 in
659 2215 686 2252 v.
710 2193 917 2254 Demosthenes
939 2195 1005 2254 Vol.
1024 2199 1053 2256 5.
1078 2196 1123 2254 ed.

62 2275 171 2336 Taucba.
183 2281 219 2357 'p.
234 2281 306 2340 159.
326 2289 355 2336 et
374 2278 467 2338 Photii
485 2277 557 2338 Bibl.
578 2279 641 2338 cod.
661 2280 733 2340 265.
753 2279 816 2337 Vol.
836 2281 866 2338 2.
884 2299 912 2356 p.
930 2281 1001 2350 493,
1021 2279 1122 2340 2011.

63 2361 101 2418 ad.
118 2363 204 2444 licinia.
229 2371 240 2436 l
246 2385 272 2442 p.
292 2367 363 2424 804.
383 2363 519 2434 lloeseb.)
565 2363 684 2442 Proprie
703 2374 796 2423 autem
814 2364 956 2443 palaestra
974 2365 1053 2424 lecum
1072 2365 1125 2422 init

63 2447 86 2502 in
102 2443 257 2526 gymudsin,
277 2449 323 2508 ubi
344 2447 447 2508 Graeci
467 2448 541 2508 lucta
560 2449 778 2522 exercebantur,
799 2469 869 2528 quos
888 2447 1006 2508 Romani
1024 2451 1124 2508 imitati

63 2531 85 2587 in
109 2533 176 2593 uillis
201 2535 260 2592 suis
287 2545 317 2592 ct
343 2533 396 2611 ipsi
424 2533 579 2612 palaestras
605 2535 797 2605 instruebant,
824 2535 902 2594 velut
928 2533 962 2594 L.
986 2533 1122 2606 Crassus;

63 2615 201 2697 itidemque
219 2617 257 2676 M.
272 2619 383 2678 Tullius
397 2619 566 2697 palaestram
578 2619 709 2682 *babebat
726 2639 788 2679 curn
807 2619 891 2679 domo
910 2617 1037 2680 Palatina
1055 2639 1124 2678 eon-

63 2700 184 2772 iuuctam,
207 2715 238 2762 ut
261 2703 358 2765 docuit
375 2703 484 2764 Peuce
506 2703 543 2766 ad
563 2703 623 2766 Cic.
644 2705 679 2764 de
699 2704 778 2764 Orat.
792 2708 831 2776 Ι2,
851 2707 884 2776 5,
903 2707 959 2778 20.

135 2791 327 2848 natrniaeatis.
348 2789 616 2860 exercitationibus,
636 2789 898 2852 declamationibus.

136 2876 267 2934 ancara.
295 2864 404 2944 adiuta,
431 2895 459 2933 u.
485 2876 609 2953 interpp.
636 2874 674 2934 ad
699 2876 790 2934 Tacit.
814 2874 918 2937 Annal.
943 2877 998 2944 14,
1022 2874 1072 2934 53.
1095 2895 1122 2953 p.
1235 2940 1238 2948 ⁴

17 3005 21 3012 .
63 2955 123 3015 898.
141 2957 235 3017 Oberl.

136 3063 165 3100 ee
187 3045 305 3102 colorat
321 3053 354 3101 et
370 3043 505 3106 roborat.
520 3044 571 3106 ,sie
587 3043 734 3102 bokommt
751 3043 843 3102 liarbe
862 3041 916 3102 und
935 3041 1035 3102 Lebeu
1058 3045 1076 3100 i.
1096 3061 1122 3101 e.

63 3125 122 3185 wird
138 3129 182 3186 tac
198 3127 464 3206 Lebeusgcschune
482 3127 621 3204 tauglicb,
646 3129 724 3206 quasi
743 3129 790 3207 qui
808 3147 845 3186 ex
866 3131 1041 3209 σκιατραφίᾳ
1063 3129 1123 3186 sire

64 3210 217 3272 unubraeulis
239 3215 357 3292 primum
380 3210 499 3290 pallidus
522 3223 609 3272 exeat
631 3222 661 3271 et
682 3213 711 3270 in
732 3211 839 3274 solibus
857 3229 891 3272 ae
909 3215 1026 3294 pulvere
1044 3214 1123 3282 vivos
1167 3215 1169 3225 '

64 3295 163 3356 colores
181 3297 276 3358 ducat.

135 3385 274 3443 ludorum.
298 3403 338 3442 se.
356 3382 564 3457 literariarum3
593 3404 664 3454 non,
686 3394 718 3442 ut
738 3383 857 3445 Breuer
878 3386 1005 3462 accepit,
1029 3395 1124 3452 certa-

64 3466 151 3525 ninum
177 3470 351 3528 solemnium.
389 3468 470 3532 Cant.
496 3470 549 3540 15,
576 3470 627 3530 47.
655 3470 745 3548 ptine.
764 3467 806 3528 'de
834 3467 912 3528 Orat.
937 3472 969 3541 1,
994 3471 1049 3540 18,
1072 3471 1124 3528 81.

64 3561 124 3608 eutr.
158 3553 366 3632 Bn1.;.quibus
394 3553 532 3615 Orellius·
551 3553 640 3618 attic
662 3553 740 3614 Orat.
769 3555 807 3632 §.a
820 3555 871 3614 47.
900 3556 1124 3614 declaraatoreat

64 3634 91 3690 de
110 3639 184 3696 hado.
250 3631 261 3658 ”
444 3651 446 3658 “

131 3743 262 3801 pompae.
286 3725 305 3782 i.
326 3743 352 3782 e.
370 3723 491 3784 ¹dictioni
506 3726 696 3804 sophisticae,
720 3727 765 3792 cui
789 3726 942 3803 opponitur
963 3726 1042 3784 aries
1064 3725 1123 3783 sive
1180 3785 1182 3790 ,

63 3807 154 3866 verius
172 3821 332 3878 causacum,
355 3829 380 3868 v.
401 3808 436 3868 de
456 3809 535 3870 Orat.
554 3813 586 3880 2,
605 3813 660 3881 22,
679 3813 729 3870 94.
765 3809 828 3868 Bsr.

134 3896 293 3954 ueniamus:
326 3893 375 3954 Sic
399 3913 497 3952 omnes
519 3893 584 3952 libri
606 3907 664 3957 tum
687 3895 785 3972 scripti
814 3893 1039 3968 (eliandus),
1067 3903 1124 3951 tum

65 3969 133 4046 editi,
151 3989 267 4054 praeter
285 3979 362 4037 Ven-
379 3981 407 4036 1.
426 3978 517 4048 Med..
536 3979 707 4056 quibabent
723 3980 943 4049 descendamus,
963 3977 1123 4057 quotam.

65 4062 174 4137 recepit,
197 4065 303 4122 secutis
322 4061 619 4133 schauzi0,.0rettia,
642 4061 777 4142 idapem,
800 4075 831 4122 ut
851 4066 996 4142 proprium
1020 4064 1047 4122 iu
1070 4063 1124 4130 bac

65 4155 91 4196 re
111 4146 232 4218 verbum,
260 4167 312 4225 pro
336 4163 390 4226 quo
413 4145 516 4206 Alduun
542 4147 680 4206 aitmale
699 4147 831 4208 edidisse
854 4151 1002 4210 ueniamus
1024 4158 1124 4206 secuto

67 4219 141 4286 luna.
178 4232 283 4292 Sensus
302 4243 361 4294 est:
383 4230 457 4292 doeh
476 4251 508 4292 so
526 4232 584 4292 viel
599 4251 654 4292 von
673 4233 726 4292 der
741 4234 925 4312 Sebulllbung
942 4232 998 4295 551
1016 4231 1125 4292 Pruuk-

67 4301 275 4378 beredsumkeitz
305 4339 359 4378 nun
383 4317 636 4393 nullataenus
662 4322 713 4378 aul
736 4318 792 4380 dua
815 4319 986 4397 Sahauplatz
1013 4328 1125 4386 crustat·
