2710 4996
184 461 256 576 5d8
350 509 610 566 comitumue
631 509 670 562 ΙΝ
689 509 882 564 ciceronis
900 509 1113 564 ORATOREM.

185 705 236 757 oo,
265 683 340 764 quod
366 685 518 763 aliquoties
543 685 693 762 repetitur.
720 703 748 742 v.
769 681 908 746 Doederl.
935 683 983 742 lat.
1011 682 1119 763 Synon.
1147 683 1215 742 Vol.
1235 689 1261 742 4.

184 792 213 851 p.
231 771 304 830 274.
323 772 401 829 coni.
420 771 498 828 0551.
517 771 550 840 3,
571 770 600 828 7.
618 771 674 840 40,
693 770 766 828 138.

272 858 404 916 conuicio
427 857 551 914 uernum.
574 855 594 912 i.
613 873 641 912 e.
663 873 726 912 eum
753 873 838 912 eures
864 853 938 912 haec
963 855 1160 932 efflagitarent
1180 855 1264 913 velie-
1338 928 1339 944 q

185 951 307 1000 menter.
351 941 396 999 lle
414 941 442 999 vi
460 941 540 999 vocis
562 942 723 999 conuicium
746 959 773 997 v.
792 937 942 1018 Spalding.
958 937 997 998 ad
1016 940 1132 1013 Quintil.
1151 939 1219 1000 Vol.
1237 943 1262 998 1.

206 1028 262 1087 ,5.
297 1025 374 1084 Mer.

184 1047 203 1106 P
268 1113 431 1170 scientium.
466 1109 490 1168 E
517 1111 577 1168 Vit.
603 1109 740 1188 Meyerus
766 1108 876 1168 addidit
901 1112 957 1168 rei.
1001 1108 1065 1169 Nee
1096 1119 1194 1168 tamen
1223 1111 1264 1168 vel

185 1197 304 1255 eximius
322 1198 377 1255 iste
396 1195 491 1254 codex
509 1215 625 1274 prorsus
644 1194 717 1254 liber
734 1205 779 1252 est
797 1215 814 1254 a
832 1195 1021 1273 glossematis.
1042 1195 1126 1253 Coni.
1144 1195 1172 1271 §.
1186 1197 1263 1265 141,

184 1281 232 1340 ubi
249 1279 347 1340 itidem
365 1282 443 1340 solus
462 1280 549 1339 hahet
561 1283 677 1358 primns
690 1281 860 1358 eloquentia
871 1291 986 1358 portes.
1014 1279 1078 1338 Nec
1092 1300 1166 1340 vero
1180 1301 1264 1358 agno·

183 1367 239 1425 seit
255 1369 305 1425 rei
320 1367 421 1424 melior
439 1366 524 1424 etiam
543 1363 608 1424 eod.
625 1365 706 1424 Eius.
735 1363 826 1424 Abest
843 1367 927 1423 etiam
946 1365 982 1424 ab
1000 1363 1061 1424 Erl.
1085 1364 1140 1424 On.

271 1453 413 1510 05515155.
449 1449 535 1522 Sunt,
558 1461 590 1510 ut
611 1453 777 1529 opinantur,
803 1451 929 1522 Orcinii',
952 1453 1049 1529 quiet
1068 1453 1217 1522 0551111111,
1237 1461 1265 1508 51
1339 1459 1340 1484 ³

183 1538 212 1595 in
235 1547 309 1595 orat.
332 1552 386 1615 pru
410 1535 522 1596 Clueut.
545 1557 597 1594 ins.
616 1536 675 1594 Vit.
700 1537 842 1596 Oscinr'or.
866 1534 913 1594 ed.
930 1534 1006 1594 Ven.
1031 1537 1173 1596 Oseror'os.
1198 1536 1263 1595 Em.
1339 1557 1340 1582 1

183 1622 301 1680 Schutz.
337 1619 507 1680 Streliaeum
543 1633 574 1680 et
608 1621 801 1682 Camerarium
841 1631 957 1680 secutus
993 1619 1084 1679 edidit
1120 1623 1263 1680 Orer'nios.

183 1708 217 1766 C.
249 1706 399 1766 Orchinius
429 1727 452 1766 s.
485 1706 617 1776 (lreinius
648 1707 762 1784 collega
793 1717 858 1765 erat
883 1705 1034 1764 Ciceronis
1063 1707 1092 1764 in
1123 1715 1264 1785 praetura.

181 1811 209 1851 v.
236 1812 281 1850 or.
308 1811 361 1870 pro
388 1791 501 1851 Cluent.
527 1811 554 1850 e.
581 1793 635 1862 34,
662 1795 714 1851 94.
741 1793 796 1862 53,
824 1792 896 1850 147.
931 1791 1018 1850 Petit.
1044 1793 1158 1850 consul.
1187 1813 1213 1851 c.
1237 1791 1263 1851 5.

182 1880 340 1950 „eremos
361 1876 541 1936 scribendum
564 1896 639 1935 nunc
660 1875 785 1935 iudicavi
807 1887 953 1956 permotus
974 1878 1150 1936 auctoritate
1169 1877 1264 1956 paliu-

82 2031 89 2042 ,
182 1963 271 2042 mesti
293 1962 379 2021 Taur.
403 1981 446 2020 or.
469 1981 522 2040 pro
545 1961 658 2020 Cluent.
683 1981 710 2020 c.
733 1963 784 2021 53.
807 1971 838 2020 51
859 1961 980 2020 Palatini
1006 1962 1035 2020 iu
1060 1963 1094 2035 9.
1113 1963 1263 2021 Ciceronis

183 2047 220 2106 de
239 2047 324 2106 Petit.
344 2047 430 2107 Cous.
449 2065 476 2105 c.
495 2047 539 2118 5.,
558 2048 626 2105 item
645 2046 861 2126 inscriptionum
880 2047 955 2125 apud
973 2045 1126 2106 Gruterum
1144 2049 1218 2118 454,
1235 2049 1262 2105 6.

181 2134 259 2203 949,
287 2133 316 2192 1.
340 2131 447 2192 ldurat.
471 2135 567 2202 1019,
591 2135 621 2192 8.
647 2135 743 2204 1221,
765 2135 796 2194 2.
832 2132 864 2192 15
890 2133 946 2192 hoc
971 2131 1112 2196 vocabulo
1141 2132 1263 2212 corrupti
1340 2193 1341 2200 .

182 2203 248 2276 sunt
264 2216 343 2276 Eius.
362 2217 421 2276 Vit.
442 2217 642 2293 (Oretiu'os).“
668 2217 720 2276 05.

270 2307 416 2382 [semper]
450 2304 528 2382 li‘pet.
557 2305 576 2360 i.
604 2322 632 2362 e.
658 2304 687 2360 in
720 2302 908 2382 qualicunque
939 2302 1091 2362 verborum
1124 2304 1262 2362 iunctura.

182 2387 371 2448 lletiueudum
399 2408 473 2446 nuuc
501 2407 608 2448 censeo
636 2387 690 2446 laec
716 2387 885 2448 vocabulum
912 2389 1044 2448 omissum
1072 2385 1213 2447 duntaxat
1237 2388 1262 2445 in

183 2471 331 2534 codicibus
350 2473 528 2552 interpolatis
547 2473 599 2532 Cu.
619 2475 648 2532 3.
667 2472 727 2531 Erl.
760 2473 827 2532 Nou
846 2472 973 2532 diffiteor
991 2484 1085 2532 tamen
1104 2472 1135 2532 id
1155 2491 1262 2552 quoque

182 2559 336 2618 offensioni
363 2578 443 2629 esse,
476 2557 550 2637 quod
577 2559 671 2616 statim
698 2559 840 2638 repetitur
865 2559 967 2616 vocali.
992 2579 1115 2636 semper.
1155 2559 1263 2618 Delevit

120 2669 123 2673 ·
182 2643 350 2714 8511515155,
373 2644 454 2702 uncis
476 2643 591 2702 inclusit
607 2643 753 2722 Meyerus.
790 2643 833 2702 ln.
869 2642 948 2702 ldem
965 2643 1134 2703 vocabulum
1153 2663 1262 2722 semper

181 2749 266 2808 supra
284 2748 396 2808 quoque
419 2747 444 2786 c.
464 2730 519 2800 45,
539 2730 611 2788 153.
630 2730 685 2786 iam
704 2729 799 2788 omisit
822 2727 875 2788 Cu.
894 2730 924 2787 3.

182 2812 187 2822 '
266 2815 401 2872 Burrum.
426 2813 494 2872 Cum
510 2813 659 2886 Lambino,
676 2816 736 2892 iqui
752 2811 848 2872 laudat
858 2815 933 2872 Festi
947 2813 1035 2873 verba
1052 2811 1259 2894 [52515511]

181 2899 209 2956 in
225 2899 414 2958 adulacione
427 2919 548 2958 nomen.-
564 2894 684 2978 Πῦῥρον
697 2902 822 2958 Burrum
838 2899 1000 2972 dicebant)
1015 2899 1095 2959 Grut
1106 2899 1177 2958 soh.
1187 2899 1260 2977 Moy.

180 2981 243 3042 llei.
273 2983 441 3064 llalientque
460 2983 561 3043 Palatt.
581 2983 646 3044 duo.
666 2985 726 3043 llrl.
746 2985 885 3042 barrium.
915 2985 1013 3042 Ceteri
1030 2988 1167 3044 Parrum.
1188 2985 1259 3042 Eius.

175 3090 294 3148 purum.
318 3068 370 3128 0n.
399 3069 506 3128 Contra
525 3069 593 3128 liro.
614 3069 693 3128 dedit
709 3073 833 3128 l'uirum
852 3089 889 3129 ex
907 3067 953 3128 ed.
972 3069 1047 3127 Ven.
1084 3069 1177 3142 Quum
1195 3089 1260 3128 vero

180 3153 256 3234 apud
283 3155 399 3228 Quintil.
419 3157 452 3226 1,
474 3160 509 3225 4,
533 3157 583 3214 15.
611 3157 724 3234 legatur
749 3157 875 3224 numo,
904 3155 958 3212 hoc
987 3153 1103 3214 Schutz.
1128 3155 1258 3222 restituit,

179 3237 257 3318 qnod
284 3240 386 3320 probat
412 3241 496 3298 etiam
524 3239 756 3318 Lngomarsiuius
787 3241 815 3297 iu
843 3239 967 3298 Dawesii
993 3239 1094 3298 Misce.
1122 3242 1190 3298 erit.
1217 3237 1258 3298 ed.

145 3337 149 3350 ’
179 3323 266 3382 Kidd.
290 3346 316 3404 p.
337 3327 409 3384 183.
445 3323 523 3384 ldem
546 3327 600 3384 iam
628 3325 656 3384 iu
680 3325 726 3384 ed.
744 3324 899 3400 Verburgii
927 3325 1081 3382 exhibitum
1110 3335 1170 3396 est,
1197 3344 1259 3403 pro·

179 3407 265 3466 haute
289 3411 375 3468 etiam
399 3408 514 3468 Osanuo
535 3411 679 3469 Analectt.
700 3411 763 3468 crit.
788 3431 816 3488 p.
836 3411 886 3467 12.
905 3409 985 3480 ndu.‚
1009 3411 1056 3489 qui
1079 3430 1142 3468 eam
1167 3427 1258 3469 veram

179 3495 349 3572 scripturam
368 3514 433 3552 esse
453 3495 595 3554 uberrime
615 3495 701 3561 docet
720 3515 755 3554 cx
776 3493 1029 3554 Grammaticorum
1047 3505 1104 3554 tuni
1124 3505 1257 3562 veterum,

180 3590 236 3662 1551
255 3580 448 3638 recentiorum
468 3579 558 3638 libris.
594 3579 621 3637 ls
641 3601 702 3639 earu
722 3581 865 3638 literarum
885 3585 921 3640 Π
935 3592 965 3639 51
982 3580 1005 3638 Β
1024 3581 1257 3660 permutationem

179 3662 245 3722 iude
269 3675 359 3722 ortam
383 3685 448 3723 esse
470 3666 644 3742 suspicatur,
668 3664 743 3744 quod
762 3661 855 3724 [iores
874 3677 903 3723 ct
920 3665 1029 3724 Aeolus
1053 3686 1105 3744 pro
1129 3669 1162 3724 Π
1183 3664 1258 3721 diee-

179 3748 247 3808 baut
277 3748 315 3821 B,
350 3749 473 3828 indeque
503 3748 679 3808 Macedones
708 3771 762 3828 pro
792 3752 822 3809 ‹1›
853 3753 937 3808 etiam
965 3749 998 3809 B.
1043 3751 1134 3808 Porro
1165 3749 1257 3808 Latini

178 3845 288 3894 mutare
319 3835 450 3894 solebant
485 3837 513 3895 Y
539 3837 568 3894 in
600 3835 639 3906 U,
674 3846 705 3894 ut
732 3834 820 3894 docet
845 3835 939 3894 Bentl.
967 3835 1004 3894 ad
1030 3835 1131 3894 llorat.
1157 3835 1255 3913 Epistt.

179 3921 212 3990 1,
233 3922 287 3990 15,
307 3921 335 3980 5.
355 3931 385 3978 51
408 3919 543 3979 delebunt
564 3920 797 3999 adspirationem.
834 3921 918 3979 Coui.
937 3921 1102 4000 Spengeuli.
1122 3919 1158 3979 ad
1176 3917 1257 3977 Ennii

177 4003 280 4064 Annal.
304 4007 339 4076 6,
364 4007 393 4065 5.
417 4027 444 4084 p.
469 4007 509 4066 77
533 4027 576 4085 sq.
616 4005 661 4066 lle
683 4027 772 4086 parra
794 4017 922 4066 veterum
944 4007 1112 4066 Latinorum
1134 4003 1255 4082 adspira-

178 4091 257 4150 tione
280 4111 306 4148 v.
327 4091 443 4164 Quintil.
464 4095 497 4162 1,
517 4091 551 4162 5,
570 4092 621 4152 19.
940 4107 943 4114 “

262 4178 295 4234 ui
317 4174 529 4254 patefecerunt
556 4179 681 4254 Bruges.
717 4175 857 4236 Herodot.
885 4179 919 4248 7,
951 4177 1017 4247 ⁷3„
1053 4195 1135 4255 quem
1165 4172 1255 4232 attulit

178 4258 282 4318 Osann.
307 4261 325 4318 l.
349 4281 375 4319 c.
398 4259 464 4321 adu.
482 4261 513 4318 6.
536 4265 565 4321 oi
589 4261 621 4320 di
645 4256 769 4342 Φρύγες,
796 4260 835 4334 ὡς
855 4257 1023 4335 Μακεδόνες
1047 4264 1171 4341 λέγουσι,
1194 4263 1252 4317 txo-

176 4345 274 4407 timo
291 4340 413 4426 Βρῦγές,
435 4339 536 4428 χρόνον
553 4338 622 4408 ὅσοι
638 4343 804 4444 Eripeqrqros
825 4342 919 4422 eidnec
935 4343 1062 4412 1111555151
1078 4344 1147 4410 ἔσαν
1162 4345 1252 4406 Μακε-
