2684 4990
426 512 430 530 ·
467 487 562 545 one.
590 489 650 542 ιι.
681 487 741 542 aas.
946 531 949 536 ,
1084 491 1153 556 ,aa
1181 571 1185 584 „

76 665 133 722 doe
159 661 209 724 nel
230 663 367 731 mnne,
392 665 603 739 nnepe'entem
630 663 717 722 et‘nm
743 663 784 724 ad
804 665 1029 724 commanentiae.
1073 661 1153 726 ason

76 765 193 828 quoqne
214 745 420 826 quodammodo
441 746 577 826 repetitio
597 755 644 806 est
666 760 778 818 eornm,
806 765 878 828 quae
903 765 988 828 capra
1016 748 1150 828 legimus

76 843 112 892 at
129 833 275 894 lemniacas·
290 851 438 893 sennense
458 851 608 909 moresque
628 831 781 894 insaniat
800 829 905 904 Vsust.
924 835 954 900 t,
971 831 1048 896 Mea
1066 843 1153 902 nw-

75 935 203 996 rnepae.
224 917 305 976 Conf.
325 915 390 974 adu.
408 913 445 978 ad
462 931 489 974 e.
508 917 563 986 38,
583 912 655 976 428.

166 1005 253 1080 pansi
274 996 386 1065 siloem
431 999 493 1064 llos
518 1012 577 1071 est,
603 1017 667 1063 nata
691 998 773 1062 viles
798 1002 964 1068 casinatem
986 1014 1017 1064 et
1038 1005 1153 1083 copiam

74 1107 187 1148 rernm
216 1107 241 1146 v.
269 1087 381 1148 Schott.
408 1085 445 1146 acl
470 1085 588 1166 Oionys.
616 1085 679 1146 llal.
705 1085 741 1148 Α.
769 1083 851 1148 ntea
876 1106 906 1166 p.
933 1090 984 1148 19.
1007 1087 1151 1152 86868.

76 1173 164 1241 Cani.
183 1169 263 1233 Orat.
279 1192 313 1230 c.
331 1175 367 1242 4,
390 1174 440 1230 12.
464 1170 500 1234 tls
522 1171 602 1234 Orat
621 1173 728 1243 3μ26,
747 1173 820 1234 tna.
838 1174 893 1246 30,
912 1175 984 1238 118.

164 1256 397 1318 Animadversum
421 1267 466 1316 est
486 1277 503 1316 n
526 1257 697 1330 Quintiliano
720 1261 753 1329 9,
777 1260 810 1329 3,
833 1260 898 1330 90,
926 1259 1025 1318 multas
1048 1260 1153 1337 lagunas

75 1345 106 1402 iu
126 1344 213 1403 tertio
232 1341 268 1400 de
288 1341 409 1400 Oratore
428 1343 534 1420 positas
553 1359 634 1414 esse,
656 1361 728 1421 quae
750 1344 778 1400 iu
798 1343 918 1402 Oratore
937 1345 1028 1402 serius
1045 1345 1152 1423 scripto
1190 1409 1198 1432 ⁸

75 1431 141 1507 ipse
169 1438 271 1485 auctor
296 1425 468 1486 transeundo
490 1425 629 1486 *vitientur
647 1425 823 1500 'damnassoa
860 1447 1012 1508 earumque
1043 1440 1153 1508 partem

76 1532 159 1583 esse,
179 1531 251 1590 quae
269 1513 470 1572 sententiarum
489 1511 596 1590 potius,
621 1532 702 1592 qnam
722 1513 871 1582 verborum
889 1515 955 1572 sint.
998 1513 1153 1573 Enumerat

75 1609 174 1656 autem
196 1598 282 1668 haee,
305 1616 378 1674 quae
400 1598 531 1658 universa
553 1607 618 1656 suut
640 1599 668 1658 iu
691 1597 728 1658 tle
747 1598 825 1656 Orat.
844 1599 878 1669 3,
898 1599 952 1670 54,
971 1599 1042 1658 207.
1062 1600 1153 1658 inmi-

75 1685 177 1752 nutio,
200 1683 397 1759 improvisam,
411 1683 532 1767 Ιι’πιιιιςο,
554 1682 615 1741 sibi
632 1685 693 1761 ipsi
710 1684 874 1761 responsio,
902 1685 1058 1760 digressio,
1082 1704 1153 1786 per-

72 1765 190 1838 missae,
215 1776 247 1825 et
266 1769 445 1842 contrarium
470 1768 541 1836 (ine
557 1768 633 1826 enim
650 1777 739 1846 puto,
762 1769 966 1848 possidebitur
986 1773 1153 1848 ἐναντιοτης,

73 1863 173 1912 sumta
195 1872 234 1909 ee
255 1853 377 1910 adverso
395 1851 574 1934 prolatio),
609 1851 658 1912 Sic
680 1854 754 1912 euim
778 1853 848 1912 haec
871 1851 994 1932 legenda
1010 1852 1152 1928 videntur,

74 1957 146 2007 non,
165 1947 196 1995 ut
213 1947 258 1995 est
275 1935 348 2014 apud
367 1935 576 2016 Spaldingiums
596 1941 776 1998 contrariam
796 1939 867 2007 (lton
884 1941 960 1998 enam
972 1948 1057 2017 puto,
1076 1939 1155 2018 qnod

74 2023 190 2082 dicitur
218 2015 405 2100 ἐναντιότης),
435 2031 529 2081 sumta
555 2043 594 2080 ea
624 2025 746 2082 adverso
773 2023 929 2101 prolana,
962 2025 1040 2103 quasi
1065 2023 1154 2082 verba

72 2115 173 2167 sumta
190 2127 229 2164 ea
247 2109 368 2164 adverso
382 2107 523 2184 probatio
542 2127 633 2167 novae
651 2108 760 2184 ligurae
779 2128 881 2168 nomen
900 2109 950 2178 sit,
969 2128 1040 2188 qaae
1059 2119 1153 2169 tamen

74 2210 215 2277 nusquam
234 2202 361 2270 apparet.
390 2191 465 2250 Sunt
482 2209 568 2269 porro
586 2192 641 2250 hae
659 2212 676 2250 a
695 2191 837 2250 Cicerone
856 2191 891 2251 (le
907 2192 1029 2253 Oratore
1048 2193 1153 2252 ibidem

74 2286 252 2336 memoratae
280 2277 401 2354 figurae,
429 2295 498 2354 quas
525 2295 588 2335 eum
611 2276 797 2349 Quintilianus
823 2277 852 2334 in
875 2276 996 2336 Oratore
1022 2279 1153 2337 omisisse

74 2361 196 2422 scribite
220 2363 307 2432 ordo,
331 2363 538 2432 dinumeratio,
562 2363 806 2439 circumscriptio,
825 2363 970 2422 concinna
987 2371 1153 2441 manama-

72 2450 136 2518 sio,
165 2466 244 2524 quam
269 2446 454 2518 Quintilianus
481 2445 657 2525 hyperbaton
684 2464 749 2505 csse
774 2455 864 2526 putat,
892 2445 931 2505 de
955 2467 1010 2526 qua
1035 2467 1068 2508 re
1095 2445 1154 2506 cliui
1266 2497 1276 2506 .

75 2551 164 2610 snpra
182 2530 218 2590 ad
237 2529 314 2589 Orat.
333 2531 388 2602 39,
408 2531 479 2590 135.
499 2541 529 2590 et
549 2533 670 2590 motatio
695 2529 781 2609 (apud
800 2531 969 2590 Ciceronem
988 2542 1033 2591 est
1055 2535 1153 2592 immn-

76 2620 182 2691 tatr'o).
211 2616 301 2676 Porro
316 2619 357 2674 ad
369 2617 549 2694 propositum
566 2617 698 2675 subiecta
715 2617 804 2687 ratio,
824 2617 987 2676 dr'stribatis
1002 2619 1153 2698 supposita
1223 2656 1225 2660 .

77 2699 167 2780 (apud
181 2701 296 2774 Quintil.
312 2701 459 2776 subrecta)
474 2703 569 2772 ramo,
590 2708 674 2780 (quae
692 2706 738 2761 est
755 2700 852 2760 Rutilii
864 2701 936 2781 Lupi
954 2703 1044 2782 prima
1062 2703 1154 2782 ligura
1200 2727 1203 2732 ·

74 2779 679 2942 titti‘ltltatl“‘²'⁰r0555.thth
696 2791 847 2931 tltltti
865 2787 1153 2932 itt-„lttttl‘

75 2969 142 3016 tore
162 2956 286 3035 positae,
310 2956 338 3013 iu
358 2955 479 3014 Oratore
498 2957 635 3026 omissae,
653 2975 671 3014 a
690 2957 861 3028 Quintiliano
879 2957 1025 3015 maximam
1043 2966 1153 3035 partem

74 3057 134 3101 uon
162 3049 361 3100 enumeratae:
390 3041 423 3111 3,
453 3041 506 3111 53,
533 3041 605 3100 205.
633 3041 734 3098 laesio.
758 3041 790 3111 3,
815 3041 869 3112 54,
893 3041 965 3100 207.
992 3043 1153 3111 conversio,

74 3127 283 3205 reprehensio,
306 3135 338 3183 et
357 3145 471 3183 rursum
489 3126 550 3184 alia
568 3125 727 3198 dubitatio,
750 3126 863 3184 etalio
884 3127 1045 3196 eorrectio,
1069 3126 1154 3183 dissi-

70 3214 175 3290 patio,
192 3206 194 3213 ’
209 3217 302 3289 (qnam
329 3220 422 3268 nmen
451 3209 565 3283 Quintil.
592 3211 627 3279 9,
654 3211 688 3281 3,
716 3210 766 3270 39.
793 3210 911 3288 tangit),
944 3212 1153 3282 continuatum,

76 3300 287 3373 interruptam,
310 3296 475 3354 dc'sianctio.
521 3294 571 3353 llis
594 3293 709 3367 Quintil.
728 3297 762 3366 9,
785 3295 818 3366 3,
840 3297 892 3355 98.
915 3294 1007 3366 aldit,
1031 3295 1153 3354 Cornili-

76 3382 168 3452 cium,
204 3380 388 3458 (scriptorem
415 3379 451 3438 ad
479 3378 682 3451 Herennium),
719 3378 860 3440 adiecisse
891 3382 1154 3458 interrogationem

77 3465 127 3540 (nu
149 3466 272 3524 llereun.
289 3467 320 3535 4,
341 3466 390 3536 15,
409 3467 484 3537 22),
502 3465 759 3524 ratiocinationem
778 3471 817 3537 (e.
837 3467 886 3537 16,
905 3467 980 3537 23),
997 3465 1153 3524 subiectio-

76 3571 142 3610 nem
165 3555 204 3621 (ο.
224 3549 278 3620 23,
298 3551 377 3621 33),
402 3551 604 3610 mansita'onem
628 3557 666 3623 (c.
685 3551 740 3622 26,
764 3550 849 3622 35),
868 3552 1090 3610 occultationem
1114 3557 1152 3623 (c.

75 3635 127 3706 273
148 3635 227 3707 37),
249 3637 423 3694 sententiam
443 3643 481 3709 (c.
502 3635 550 3706 17,
570 3637 648 3706 24),
671 3635 825 3711 membrum
844 3643 883 3707 (c.
904 3638 957 3708 19,
977 3636 1056 3707 26),
1080 3637 1155 3694 arti·

76 3721 173 3779 calum
193 3725 231 3793 (e.
251 3721 300 3790 19,
320 3721 399 3791 26),
419 3722 691 3797 interpretationem
710 3727 748 3794 (e.
768 3722 823 3791 28,
843 3721 922 3792 38),
941 3721 1154 3779 conclusionem

78 3813 117 3878 (c.
137 3805 192 3875 30,-
210 3807 275 3873 41.)
312 3801 355 3861 lix
374 3804 416 3862 his
438 3808 599 3875 sententia,
623 3803 777 3862 membrum
800 3814 830 3863 et
853 3805 995 3863 articulus
1016 3823 1072 3863 nou
1090 3815 1155 3863 suut

76 3890 191 3948 nomina
214 3888 376 3966 figurarum.
422 3887 543 3965 Figurae
566 3907 584 3946 a
607 3888 775 3958 Cornificio,
802 3888 827 3946 si
853 3889 877 3946 is
904 3898 948 3948 est
974 3889 1096 3969 scriptor
1118 3885 1154 3947 acl

78 3973 267 4043 Herennium,
291 3972 395 4030 allatae
417 3991 534 4042 revera,
557 3971 609 4031 secl
630 3971 706 4052 apud
729 3972 898 4032 Ciceronem
921 3974 949 4031 iu
972 3972 1009 4033 cle
1032 3973 1153 4032 Oratore

77 4071 108 4118 et
126 4057 248 4116 Oratore
272 4076 327 4116 nou
351 4067 485 4134 repertae
508 4067 572 4114 sunt
595 4057 671 4122 haec,
700 4059 846 4116 Transitio
864 4063 898 4129 4,
917 4059 971 4130 26,
991 4059 1042 4118 35.
1065 4067 1094 4116 et
1117 4074 1154 4117 ex

77 4154 160 4223 parte
179 4143 245 4202 illae
264 4142 386 4220 figurae,
406 4161 474 4220 ‹puas
493 4139 529 4199 ad
547 4141 672 4200 llerenn.
690 4145 721 4213 4,
740 4144 791 4201 28.
810 4144 860 4203 29.
880 4143 972 4222 legas,
991 4142 1153 4200 nominatim

79 4229 301 4306 interpretatio,
319 4227 522 4295 ‘contrarietatem
541 4228 709 4304 permissio,
729 4229 888 4306 expeditio.
933 4227 1003 4286 ltena
1022 4225 1153 4285 flatilium
1192 4220 1204 4230 '

78 4311 187 4392 Lupum
212 4312 398 4386 Quintilianus
424 4309 527 4370 ibidem
554 4311 580 4388 ξ.
600 4313 650 4372 99.
673 4309 753 4372 addit
773 4306 890 4392 praeter
912 4331 962 4383 nn,
986 4331 1056 4391 quae
1080 4309 1154 4392 opnil
