2764 4978
175 483 221 546 es
618 482 814 548 ORATOR
939 507 942 515 ¹

66 681 69 688 ’
176 659 372 752 sententies,
402 683 506 758 eoque
531 659 608 732 doun
626 661 753 734 unimis
768 655 913 744 ottenis
937 661 1137 736 confluentes
1162 663 1271 736 exei-
1354 675 1356 678 ’

176 763 285 862 pinon,
311 763 398 858 fugit
423 785 480 838 eos
506 771 539 836 et
563 765 784 860 praetervolet
808 783 985 838 numerose
1011 766 1068 862 qui
1093 773 1203 838 tannen
1233 767 1270 838 si

112 882 172 942 198
182 867 328 958 abesset,
348 867 410 968 iiie
430 867 503 963 ipse
519 865 628 938 minus
645 866 858 943 delectarent·
909 865 984 941 Nec
999 891 1078 942 vero
1087 869 1125 941 is
1142 891 1271 940 corsus

177 976 229 1042 est
249 989 474 1061 numerorum,
497 969 657 1041 orationis
680 964 771 1064 dieo,
799 969 891 1064 (usu
914 978 965 1044 cst
984 971 1084 1068 lenge
1106 972 1204 1044 aliter
1228 972 1271 1044 in

176 1065 341 1162 versibus)
363 1071 448 1144 nihil
463 1079 502 1144 ut
516 1071 576 1144 fiet
590 1079 694 1144 extro*
704 1073 852 1166 modum,
872 1093 949 1146 uem
970 1073 1006 1146 io
1026 1073 1156 1170 quidem
1172 1081 1274 1148 esset

177 1181 311 1272 quotum
337 1174 395 1248 sed
417 1177 523 1250 ononis
544 1199 608 1246 nec
629 1175 822 1248 claudicans
841 1195 905 1249 nee
927 1177 1021 1276 quusi
1042 1174 1208 1249 fluctuans
1234 1185 1273 1250 et

178 1277 362 1374 aequaliter
373 1275 624 1372 constanterque
640 1277 829 1374 ingrediens
842 1301 1017 1352 numerose
1030 1279 1169 1352 habetor
1182 1303 1273 1351 onn-

177 1381 242 1452 tio.·
288 1378 400 1475 Atque
421 1379 456 1451 id
476 1381 513 1451 in
534 1379 673 1452 dicendo
694 1401 903 1454 numerosum
920 1391 1072 1480 puteturp
1090 1407 1156 1456 non
1174 1383 1273 1480 qnod

177 1489 281 1556 totum
303 1490 433 1554 constet
454 1505 473 1554 e
494 1483 656 1574 nomenis,
682 1483 741 1556 sed
762 1484 848 1582 quod
869 1485 912 1556 oi
933 1507 1086 1556 numeros
1111 1486 1274 1582 proxime

179 1585 328 1658 accedite
350 1607 414 1681 quc
432 1586 532 1657 etiem
549 1585 718 1658 difficilius
736 1596 788 1659 est
803 1588 953 1660 emtione
969 1587 1018 1658 uti
1040 1609 1136 1683 quom
1153 1589 1272 1662 versi-

178 1689 257 1780 bus,
275 1688 361 1784 quod
378 1687 500 1760 inillis
517 1697 608 1760 ceute
625 1689 782 1785 quaedem
801 1699 835 1762 et
851 1689 985 1762 definite
1002 1690 1059 1762 lex
1076 1699 1141 1784 est,
1163 1713 1272 1788 quam

178 1791 273 1887 sequi
290 1787 334 1862 sit
349 1813 502 1879 necesse;
523 1792 559 1862 in
579 1791 721 1864 &ende
742 1801 850 1866 autem
871 1793 954 1864 nihil
976 1801 1027 1865 est
1046 1795 1271 1890 propositum,

179 1894 245 1966 nisi
260 1900 298 1964 nt
313 1915 356 1964 ne
371 1892 586 1968 immoderate
602 1903 660 1966 eut
676 1903 816 1990 anguste
833 1903 890 1968 ost
907 1895 1067 1968 dissoluto
1083 1905 1141 1967 aut
1155 1895 1273 1969 linens

179 1995 224 2068 sit
248 1995 366 2068 oratio.
416 1993 535 2092 Itaque
554 2019 621 2070 non
642 1997 775 2068 suntin
796 2019 837 2069 ee
858 2005 1013 2094 tunquam
1033 1997 1162 2070 tibicini
1183 2023 1273 2096 per-

179 2097 369 2170 cussionum
393 2098 498 2192 modi,
529 2099 588 2171 sed
612 2099 766 2171 universe
792 2100 1042 2200 comprehensio
1071 2109 1104 2174 et
1131 2101 1271 2199 species

179 2201 340 2273 erutonis
362 2201 477 2275 clause
499 2209 533 2276 et
552 2202 727 2276 terminato
748 2209 818 2277 este
841 2201 929 2305 quod
942 2198 1112 2302 ¹voluptate
1133 2203 1273 2280 endum

180 2301 358 2378 indicetur.

115 2519 175 2600 2⁹⁹
200 2521 204 2528 '
286 2506 398 2581 LIX.=
446 2505 544 2582 Solet
566 2516 677 2582 nutem
698 2510 828 2606 quaeri,
854 2517 965 2584 totone
985 2509 1022 2584 in
1043 2510 1165 2582 ambitu
1187 2533 1273 2583 uer·
1304 2585 1306 2592 ,

179 2607 297 2684 bonum
313 2611 442 2683 numeri
458 2611 591 2684 tenendi
606 2612 685 2704 siut,
704 2635 747 2685 eu
763 2614 799 2684 in
815 2615 931 2710 primis
948 2613 1096 2710 panibus
1114 2621 1212 2708 etque
1231 2613 1271 2686 in
1369 2611 1370 2690 ἶ

181 2713 349 2786 extremis.
399 2712 558 2811 Plerique
582 2715 670 2786 enim
695 2725 831 2788 censent
855 2715 974 2788 cedere
999 2724 1125 2790 tontum
1147 2739 1272 2788 nume-
1369 2743 1370 2746 ¹

153 2839 257 2887 ·rose
283 2822 434 2913 oportere
458 2817 693 2913 terminarique
717 2818 924 2890 sententium.
976 2815 1043 2892 Est
1072 2825 1196 2909 cotenu,
1230 2828 1272 2891 ut
1369 2823 1370 2836 ¹

180 2917 216 2988 id
232 2917 375 2990 maxim
392 2917 523 3010 decent,
544 2943 611 2991 non
632 2919 667 2990 id
689 2919 812 3011 solum3
833 2920 1004 3019 ponendus
1026 2929 1077 2994 est
1097 2921 1184 2993 enim
1205 2919 1271 2994 ille

181 3021 340 3113 sentitus,
366 3043 433 3093 non
459 3022 674 3095 obiicieudns.
727 3023 840 3115 Quane
861 3035 936 3096 cum
958 3045 1056 3096 eures
1082 3032 1271 3096 extremum

181 3147 311 3220 semper
327 3129 519 3220 exspectent
534 3126 570 3197 in
588 3147 692 3224 eoque
708 3127 932 3223 acquiescent,
949 3126 984 3197 ii
996 3149 1117 3198 vocene
1129 3149 1273 3198 numero

71 3295 74 3310 ,
181 3249 248 3296 non
264 3234 408 3323 oportet,
430 3226 489 3304 sed
510 3228 553 3299 od
574 3227 662 3300 hunc
684 3228 806 3300 exitum
829 3238 939 3302 tumen
961 3251 982 3299 e
1002 3228 1166 3327 principio
1183 3227 1271 3300 ferri

183 3326 279 3400 debet
294 3329 467 3400 verborum
483 3329 543 3400 iilo
558 3329 807 3428 'comprehensio
818 3339 857 3404 ’et
873 3340 942 3403 tote
964 3353 985 3401 c
1006 3331 1114 3428 capite
1135 3332 1183 3402 ite
1199 3330 1271 3402 flu-

115 3447 259 3523 2ooere,
284 3437 322 3502 ut
347 3429 389 3502 od
415 3438 596 3503 extremum
616 3432 751 3505 veniens
775 3433 849 3530 ipse
870 3431 1040 3506 consistat.
1092 3430 1134 3504 lo
1156 3439 1270 3506 eutem

182 3532 269 3604 bone
300 3531 476 3630 disciplina
506 3535 713 3625 exercitatis,
744 3537 859 3632 quiet
883 3536 987 3611 multo
1012 3535 1208 3633 scuipseuiut
1235 3543 1272 3610 et

183 3655 407 3730 quaecumque
427 3636 527 3708 etism
548 3638 620 3708 sine
642 3638 765 3734 scripto
788 3638 951 3730 dicerent,
978 3638 1102 3711 similia
1122 3638 1271 3734 scripto-

182 3759 254 3807 rum
273 3738 453 3830 effeceuint,
471 3763 537 3810 nou
553 3739 616 3810 erit
632 3737 875 3813 difficillimum.
896 3740 1000 3844 'Ante
1017 3740 1104 3815 enim
1120 3740 1270 3812 eircum-

183 3839 341 3911 senibitun
361 3849 469 3914 mente
491 3842 652 3914 sententie
672 3843 910 3940 confestimque
930 3843 1031 3916 verbe
1052 3851 1267 3935 concurrunt,

183 3963 268 4036 quae
283 3963 375 4048 quens
394 3941 523 4035 eodem,
546 3967 611 4040 qua
630 3939 716 4016 nihii
738 3953 788 4017 est
808 3945 967 4038 celerius,
990 3945 1100 4028 stetim
1122 3943 1268 4037 diunittit,

183 4049 221 4114 nt
241 4067 302 4116 ouo
325 4042 474 4139 quodque
496 4045 571 4118 loco
593 4047 804 4144 respondente
826 4069 964 4143 quonum
982 4046 1167 4144 descuiptns
1185 4047 1267 4126 ordo

184 4143 269 4218 alies
294 4144 362 4216 elie
386 4147 863 4241 terminatione-conciuditur,
890 4157 989 4246 etque
1013 4151 1123 4220 omnio
1148 4149 1209 4220 ille
1235 4157 1269 4220 et

117 4247 295 4342 201pn'nm
311 4254 345 4320 et
358 4250 470 4330 medio
486 4251 586 4324 verbu
602 4260 752 4348 spectare
765 4251 883 4324 debent
899 4252 941 4323 ed
957 4251 1120 4323 ultimum.
1154 4249 1270 4323 Inter-

188 4347 263 4422 dum
298 4350 384 4423 enim
414 4375 532 4426 eumne
561 4361 612 4425 est
639 4353 674 4425 iu
705 4353 853 4428 oratione
886 4353 1069 4446 incitatior,
1104 4353 1265 4426 interimo
