2678 4974
164 464 210 533 r‘s
241 507 247 512 -
326 457 586 526 counrcsnauu
608 472 645 526 m·
665 467 858 525 crcuuorus
876 471 1089 526 onerosum.

165 643 432 706 excedente'nnam
455 647 570 704 lineam.
617 643 729 724 Singuli
751 653 845 706 antem
869 646 995 704 cincinni
1017 645 1092 704 louis
1115 641 1255 715 Phidiae,

167 740 179 797 1
184 733 251 790 item
271 732 311 789 illi
329 733 410 790 aurei
429 741 561 804 omnes),
584 741 661 791 teste
679 731 823 802 Luciano,
849 741 932 790 erant
948 734 1085 790 ruinarum
1104 749 1156 790 ses
1173 732 1198 788 i.
1223 749 1255 789 e.

165 815 376 875 Lndcricorum
393 837 543 878 aureorum
562 819 653 876 ferme
669 828 865 876 trecentorum
879 817 995 895 singuli.
1015 815 1084 875 Vid.
1101 815 1254 875 omnen.

165 901 322 960 fflehacol.
343 901 371 978 9.
392 902 466 965 113.
486 901 554 962 adn.
574 905 605 962 2.
624 903 652 979 §-
673 905 747 962 114.
768 923 797 981 p.
818 905 871 963 99.

175 1039 179 1060 ,
252 987 282 1046 t'n
291 985 403 1065 sommo
419 987 582 1066 ctfiguris.
610 988 725 1067 lleycr.
746 1007 783 1046 ex
801 987 875 1047 Ven.
896 990 928 1046 2.
950 998 981 1046 ct
995 987 1108 1045 Tulich.
1133 987 1259 1065 scripsit

166 1076 197 1131 in
211 1070 322 1150 formis
348 1083 379 1132 et
399 1076 429 1131 in
442 1074 504 1151 fig.
552 1073 691 1144 „Nullam
713 1085 807 1132 umen
828 1073 914 1132 rideo
937 1073 966 1132 h.
992 1075 1012 1131 Ι.
1038 1073 1256 1152 oppositionem

166 1156 371 1235 intersumus
388 1169 417 1217 et
425 1158 559 1235 figuras,
579 1177 634 1216 nec
642 1159 769 1237 figurae
785 1160 848 1238 plus
865 1169 930 1217 sunt
947 1179 1029 1237 quam
1038 1159 1176 1236 formae,
1196 1177 1257 1215 nec

166 1243 223 1302 ulla
241 1245 356 1321 propria
374 1255 419 1302 cst
436 1245 593 1302 auctoritas
612 1243 736 1302 duarum
746 1243 856 1302 illarum
876 1244 1030 1303 editionum
1049 1254 1197 1314 veterum3
1226 1240 1257 1300 id

167 1327 242 1406 quod
266 1329 293 1386 in
316 1328 419 1386 talibus
438 1347 553 1407 semper
570 1329 753 1410 spectandum
773 1323 859 1388 est.“
903 1329 957 1388 lla.
978 1330 1073 1408 Atque
1090 1328 1172 1406 lley.
1195 1328 1258 1386 illis

165 1415 235 1493 ipsis
252 1414 349 1472 uerbis
365 1413 644 1491 Martini-laganae,
666 1415 765 1493 quilius
782 1435 849 1473 usus
867 1426 913 1474 cst
930 1414 965 1472 ad
976 1417 1158 1472 mutationem
1170 1433 1257 1471 suam

166 1498 421 1580 comprobandam,
441 1498 636 1578 redarguitur.
670 1500 697 1558 ls
716 1502 790 1559 euim
809 1499 845 1558 ad
864 1487 927 1558 Cic.
948 1499 1039 1577 Epist.
1061 1501 1080 1558 l.
1101 1501 1134 1569 1,
1155 1500 1189 1557 1.
1213 1500 1258 1557 sic
1319 1565 1321 1572 y

167 1586 230 1643 fcre
253 1586 384 1663 scripsit:
415 1582 545 1656 „Positis
568 1584 677 1644 duobus
699 1585 836 1646 subiectis
858 1587 940 1646 unius
963 1584 1147 1663 eiusdemque
1170 1585 1258 1662 regi-
1337 1587 1338 1630 l

166 1671 249 1728 ruinis
272 1689 410 1748 nunqnam
433 1669 497 1728 iere
519 1671 624 1743 semel,
652 1672 706 1729 nisi
728 1673 776 1729 ulni
799 1672 863 1729 lilnri
882 1673 1009 1748 corrupti
1028 1681 1107 1740 sunt,
1134 1687 1260 1748 semper

166 1756 210 1814 his
232 1757 321 1814 utitur
341 1755 600 1834 praepositionibus
622 1777 654 1826 a,
679 1757 731 1827 alr,
756 1777 808 1826 cx,
833 1775 865 1827 c,
890 1758 934 1826 in,
959 1755 1011 1826 de,
1036 1755 1087 1826 ad,
1108 1775 1179 1833 pro,
1203 1754 1255 1824 ob,

166 1839 243 1920 quod
263 1841 419 1899 innumeris
440 1843 468 1898 iu
492 1841 579 1914 locis,
608 1841 741 1900 adhibitis
758 1843 839 1900 libris
856 1841 969 1922 optimis
986 1861 1021 1899 ac
1038 1841 1258 1919 praestantissi-

165 1927 248 1995 mis,'
263 1937 443 2006 perspectum
470 1927 499 1983 in
525 1937 587 1986 toto
614 1927 758 1986 Cicerone
784 1927 867 1986 nobis
894 1939 949 1986 cst.
993 1925 1086 1984 Alium
1109 1927 1256 1984 rationem

167 2013 311 2089 sequitur,
341 2031 424 2090 quum
446 2010 554 2070 duabus
576 2013 709 2084 vocibus,
739 2013 829 2072 altera
851 2013 984 2092 propria,
1013 2013 1104 2070 altera
1128 2011 1258 2088 figurata
1337 2011 1338 2056 l

166 2115 224 2154 non
242 2095 420 2174 significatur
436 2097 490 2154 nisi
510 2117 592 2156 unum
611 2099 810 2158 subiectum.“
853 2097 1022 2156 Addiderim
1042 2095 1186 2174 equidem,
1206 2095 1257 2155 ubi

167 2181 274 2240 duabus
293 2183 421 2264 figuratis
438 2182 557 2242 vocibus
574 2183 649 2242 idem
667 2185 812 2262 siguificat
830 2185 905 2242 etin
923 2183 1097 2252 uuiversum,
1116 2182 1166 2240 ubi
1181 2181 1256 2240 duas

166 2287 256 2326 uoces
282 2269 363 2345 ponit
384 2269 460 2326 nullo
483 2270 542 2341 rei,
571 2268 624 2328 sed
645 2280 752 2328 tantum
774 2270 869 2348 aliquo
892 2267 1131 2328 denominationis
1149 2268 1258 2326 discri·
1337 2291 1338 2296 ¹

16 2337 24 2346 ⁸
99 2349 106 2356 ⁴
167 2355 255 2411 mine.
289 2353 376 2412 Velut
397 2355 500 2412 iunctis
518 2355 640 2413 vocilius
645 2351 768 2432 somnae
786 2365 818 2412 et
823 2353 960 2431 figurae,
972 2351 1078 2430 sormn
1096 2363 1128 2410 et
1133 2349 1254 2428 socies,

157 2435 261 2516 socies
278 2438 523 2516 etfiguru‘imam
542 2459 617 2510 rem,
646 2438 726 2498 ideas
744 2437 886 2510 Platonis,
915 2439 1073 2516 significat,
1095 2439 1175 2495 nullo
1196 2439 1254 2507 rei,

167 2521 218 2582 sed
237 2524 331 2602 aliquo
350 2525 501 2601 imaginum
525 2523 700 2583 discrimine.
746 2525 834 2583 Velut
852 2525 894 2582 sic
913 2524 1037 2607 loquitur
1054 2521 1090 2581 de
1110 2522 1199 2581 0ffie.
1223 2525 1254 2594 1,

167 2608 203 2679 5,
228 2611 281 2668 14.
297 2607 429 2686 sormam
452 2620 482 2667 ct
504 2619 642 2688 tanquam
655 2607 771 2688 sociem
788 2611 907 2668 honesti
922 2611 1017 2680 uides,
1041 2611 1120 2669 ἰδέαν
1137 2607 1257 2666 honesti

168 2693 275 2752 duabus
302 2693 419 2752 vocibus
446 2695 628 2771 significans,
660 2695 733 2765 „uhi
758 2713 812 2772 per
824 2692 957 2772 sormam
978 2703 1110 2772 tauquam
1133 2713 1254 2772 corpus,

167 2797 221 2858 per
233 2777 347 2854 sociem
358 2789 487 2858 tanquam
506 2799 630 2857 persona
647 2780 760 2838 honesti
780 2779 991 2838 describitur.“
1011 2778 1163 2837 Dounsnn.
1184 2777 1254 2836 Lat.

169 2865 289 2944 Syneon.
313 2863 380 2922 Vol.
400 2869 433 2923 4.
457 2885 487 2944 p.
509 2865 583 2924 318.
606 2867 729 2925 Formas
751 2863 912 2942 ctfigms
928 2875 1021 2942 autem
1040 2864 1121 2922 lunius
1139 2883 1257 2942 quoque

168 2950 226 3009 loci
249 2969 286 3008 ex
309 2951 451 3010 constanti
469 2951 620 3028 scriptoris
637 2951 845 3012 consuetudine
863 2951 941 3021 ἰδέας
957 2949 1103 3026 intelligo,
1132 2953 1190 3006 non
1213 2950 1257 3008 ci-

168 3035 252 3114 figies
280 3033 317 3094 ex
342 3035 398 3094 lllis
425 3035 540 3106 ductus,
569 3045 600 3094 ut
625 3037 673 3094 alii
699 3047 810 3115 putant.
856 3033 925 3094 lllae
952 3036 1061 3092 formae
1089 3045 1119 3091 ct
1140 3034 1256 3112 figurae

169 3121 248 3200 quasi
271 3114 449 3200 πρόπλασμα
467 3120 639 3200 sunt‚,quod
656 3123 684 3180 in
703 3121 811 3180 artibus
829 3119 949 3190 dicitur,
978 3119 1030 3178 das
1046 3119 1171 3189 Morou,
1204 3118 1256 3177 sed

168 3225 226 3264 non
245 3205 323 3264 rudis
341 3207 388 3264 illa
406 3205 546 3265 artificum
564 3207 728 3265 informatio
748 3208 860 3287 operis,
889 3207 946 3264 imo
964 3207 1056 3263 forma
1073 3205 1258 3283 perfectissi-

169 3309 229 3361 ma,
260 3309 341 3372 quam
366 3291 441 3349 nulla
464 3294 610 3352 terrestris
629 3293 742 3369 effigies
760 3289 932 3370 assequitur.
977 3291 1047 3349 Tale
1065 3283 1256 3370 πρόπλασμα,
1333 3319 1337 3343 ι

168 3375 297 3454 inprimis
324 3377 522 3434 statuariorum
550 3379 711 3455 proprimu,
740 3379 825 3436 etiam
851 3375 881 3436 in
909 3375 1000 3454 Epist.
1030 3375 1129 3434 Famil.
1159 3377 1192 3433 2.
1225 3379 1255 3436 8.

171 3459 250 3532 (Vol.
279 3463 310 3519 3.
340 3481 369 3538 p.
394 3465 448 3519 41.
474 3460 521 3520 cd.
547 3462 680 3532 Schutz.)
699 3460 830 3539 formum
859 3461 940 3519 dixit.
990 3461 1052 3519 lloc
1075 3462 1164 3535 igitur
1185 3461 1255 3518 mili

168 3547 224 3604 hoc
243 3547 309 3604 loco
328 3544 426 3604 dicere
444 3545 572 3604 ridetur:
597 3549 651 3604 wie
669 3548 730 3605 also
749 3547 777 3604 in
796 3545 849 3604 der
866 3545 936 3605 ldce
954 3547 1019 3605 eine
1038 3545 1256 3604 Volllrommcn·

169 3631 230 3689 lucit
253 3631 398 3692 cnthalten
422 3633 473 3702 ist,
501 3634 553 3690 aul
567 3630 656 3690 deren
676 3634 725 3690 mit
743 3630 806 3690 dem
827 3631 925 3690 Geiste
944 3633 1135 3706 anigeiasstcs
1155 3629 1256 3689 Urbild

169 3718 198 3774 in
226 3715 279 3774 der
304 3715 511 3793 Naclrahmung
538 3716 588 3775 clas
609 3737 664 3774 von
687 3717 777 3775 selbst
797 3716 853 3775 und
876 3717 1058 3775 unmittcllrar
1080 3719 1163 3794 (rpsa
1179 3721 1202 3774 i.
1226 3735 1253 3775 e.

170 3800 221 3860 das
243 3803 322 3862 nicht
338 3803 367 3859 in
387 3801 542 3861 Gedauken
561 3801 617 3860 und
635 3803 714 3861 nicht
731 3805 758 3860 in
778 3801 831 3861 der
850 3803 1035 3880 l'orstcllung
1052 3801 1144 3870 bloss)
1157 3802 1256 3860 Siclrt*

169 3887 240 3945 hare
262 3887 394 3963 bczogcn
411 3885 499 3956 wird,
529 3907 561 3945 so
580 3888 660 3965 gicht
678 3907 709 3946 cs
726 3888 798 3948 auch
818 3889 883 3946 cine
901 3887 1021 3946 hochste
1039 3887 1255 3945 Vollkommen·

168 3973 231 4032 heit
253 3969 306 4031 der
326 3971 545 4031 Beredsamlueit
561 3974 589 4030 in
609 3971 662 4031 der
679 3973 765 4044 ldee‚
793 3973 865 4031 aher
881 3973 960 4030 nicht
977 3975 1005 4030 iu
1023 3969 1077 4030 der
1094 3971 1255 4029 Wirklich·

170 4057 242 4116 lreil.
287 4055 397 4115 Eodem
420 4077 504 4115 sensu
526 4061 695 4137 pronomine
718 4061 782 4136 r'psa
804 4057 893 4116 utitur
913 4058 942 4116 in
966 4056 1176 4136 episteme.
1199 4059 1252 4124 15,

170 4145 224 4202 16.
246 4141 325 4216 (Vol.
347 4145 377 4202 5.
398 4163 427 4222 p.
448 4143 515 4213 68.)
534 4145 588 4202 His
606 4155 701 4204 autem
718 4146 844 4221 spectre's
863 4137 1021 4216 (εἰδώλοις)
1042 4145 1160 4200 etiamsi
1176 4143 1257 4200 oculi

166 4231 286 4307 possint
295 4225 409 4308 feriri,
438 4229 516 4306 quod
538 4229 575 4288 rio
596 4230 646 4287 uel
664 4231 742 4307 ipsa
766 4230 797 4302 (ἰ.
822 4247 851 4286 e.
875 4228 921 4286 rcl
940 4249 989 4286 sua
1008 4237 1122 4306 sponte,
1143 4225 1253 4284 etiamsi

171 4311 207 4374 de
231 4315 266 4373 iis
290 4313 364 4373 nolis
387 4313 549 4392 cogitare),
578 4325 753 4374 occurrrunt:
782 4316 896 4378 unimus
918 4315 971 4392 qui
981 4315 1091 4391 possit,
1122 4331 1177 4388 rgo
1195 4331 1253 4369 nou
