2710 4996
84 542 87 553 ·
187 535 268 614 ,ere
417 529 696 588 esoraueomesa
726 524 776 584 nu
809 529 887 584 oar.
914 491 995 628 xer¹
1013 545 1072 598 seq.

203 710 265 792 ipse
284 706 568 786 comprehensionem
585 704 737 764 verborum
760 718 897 784 perverse
919 702 1033 780 fugiens
1055 701 1175 761 minutas
1196 701 1271 782 parti·
1338 767 1339 772 η

120 813 124 826 ·
203 793 282 854 eolus
304 793 508 851 sententiarum
530 787 682 849 incidendo
706 790 778 848 iecit
801 809 827 847 c.
846 789 900 860 67,
919 790 992 846 226.
1028 787 1127 866 ltaque
1145 798 1200 845 turn
1221 788 1271 866 ipse

188 867 260 938 'tum
293 878 341 956 qui
371 877 466 936 vitium
499 877 560 935 e‘ius'
593 875 684 934 seentl
716 872 1016 952 sunt,'infringendis
1044 869 1272 951 concidendisque

178 965 329 1024 enumeris
346 963 375 1020 in
394 981 484 1039 genus
502 962 641 1020 orationis
658 959 799 1018 abiectum
818 958 994 1030 inciderunt,
1015 958 1176 1017 Siculorum
1198 957 1273 1030 (Cor-

205 1049 271 1134 giae
289 1053 359 1121 ete.)
379 1048 547 1106 simillimum
567 1065 591 1106 c.
610 1047 661 1118 69,
680 1047 752 1105 230.
787 1043 846 1103 Alii
864 1055 968 1116 autem,
988 1055 1016 1102 et
1035 1045 1136 1102 Asiani
1155 1044 1271 1112 maxime,

204 1151 385 1200 numerorum
419 1151 517 1204 causa,
554 1131 649 1206 inania
681 1129 817 1209 quaedam
846 1129 936 1188 verba
968 1129 1047 1208 quasi
1080 1129 1273 1207 'complementa

204 1237 383 1283 nurnerorum
402 1209 619 1276 inculcaverant
637 1235 663 1284 c.
675 1218 726 1298 69,
745 1215 818 1275 236.
853 1213 938 1294 Apud
957 1214 1120 1273 Hieroclem
1140 1225 1171 1272 et
1186 1213 1272 1272 blene·

195 1305 292 1376 elem,
316 1305 435 1374 iratres,
451 1304 629 1362 Asianorum
647 1303 793 1382 principes
810 1299 971 1372 rhetorum,
994 1299 1119 1358 varietas
1139 1319 1195 1358 nou
1214 1308 1272 1368 erut,

195 1401 236 1450 ut
253 1389 300 1470 qni
319 1390 413 1448 omnia
431 1389 495 1448 fere
512 1407 568 1448 uuo
591 1385 677 1445 modo
700 1385 907 1446 concluderent
930 1403 956 1444 e.
975 1386 1030 1456 69,
1050 1385 1122 1443 231.
1167 1382 1213 1444 Ad
1232 1383 1273 1442 bos

203 1477 292 1553 igitur
318 1474 439 1534 maxime
466 1471 494 1532 id
520 1473 669 1552 pertinere
694 1461 829 1542 videtum*
849 1464 925 1550 quod
952 1469 1057 1529 Cicero
1085 1479 1159 1528 urat.
1188 1489 1213 1528 e.
1233 1470 1274 1538 lii,
1299 1493 1304 1506 ·

194 1563 277 1620 212.
300 1561 355 1618 toti
377 1557 466 1618 Asiae
490 1558 658 1638 exprobrat,
687 1555 763 1642 quod
785 1555 939 1641 diobol-eos
966 1542 1081 1636 semper
1106 1555 1136 1614 iu
1164 1553 1274 1614 clausula

194 1643 386 1726 periodorum
405 1645 563 1724 posuerint.
746 1653 749 1660 ’
792 1648 810 1660 ““

290 1746 316 1826 §.
344 1748 374 1812 3,
417 1743 503 1834 Apud
534 1740 677 1812 Romanos
713 1749 759 1808 ars
790 1735 971 1804 numerorum
1002 1741 1159 1804 diutissime
1190 1741 1274 1802 iacuit.

150 1847 153 1856 ⁴
205 1834 364 1907 Quinetiam
387 1829 645 1904 uomentiuvidlam
668 1827 807 1902 habebar,
836 1847 918 1913 quum
945 1829 974 1888 in
1002 1830 1135 1888 oratione
1152 1827 1275 1886 ¹iudiciali

205 1930 235 1978 et
257 1919 366 1982 lorensi
388 1935 522 1979 numerus
543 1921 639 1976 inesse
664 1915 826 1987 dicebatur,
855 1911 931 2001 quod
957 1915 1039 1974 nimis
1066 1911 1227 1972 insidiarum
1247 1909 1277 1970 ad

118 2057 122 2068 ‚
205 2001 361 2082 capiendus
379 2021 464 2070 aures
487 2000 617 2068 adbiberi
638 1999 801 2072 videbatur,
825 1998 849 2060 si
872 2002 956 2065 etiarn
980 2000 1009 2058 iu
1032 1995 1155 2058 diceudo
1179 1997 1277 2057 numeri

204 2088 239 2148 ab
268 2097 384 2154 oratore
412 2097 628 2175 quaererentur.
648 2097 651 2108 '
672 2077 771 2165 Itaque
800 2085 919 2150 Romani
951 2081 999 2150 diu
1029 2105 1085 2146 uon
1117 2080 1202 2144 modo
1232 2083 1277 2162 ipsi

205 2174 328 2236 infracta
355 2182 386 2231 et
411 2182 555 2259 amputata
582 2169 785 2252 loquebantur,
813 2170 864 2234 sed
892 2172 976 2232 etiam
1003 2190 1054 2234 eos
1080 2169 1277 2250 vituperabant,

206 2257 252 2338 qui
270 2269 336 2343 apta
355 2268 385 2317 et
403 2258 480 2317 linita
499 2259 725 2346 pronuntiarent.
771 2255 825 2316 Ubi
849 2277 918 2318 vero
942 2256 1083 2320 sententia
1106 2267 1174 2334 apte
1193 2253 1277 2313 verbis

206 2343 411 2431 comprehensa
429 2343 521 2428 aliqua
540 2341 613 2422 apud
631 2343 807 2429 antiquiores
826 2353 957 2408 oratores
975 2341 1117 2404 llourauus
1135 2341 1277 2420 reperitur,

207 2437 249 2504 (ut
267 2427 340 2518 apud
360 2429 490 2494 Crassum
510 2449 536 2491 e.
555 2431 605 2500 65,
626 2415 1075 2510 219.)‚'rdrs'ommplerunque
1095 2445 1172 2498 casu,
1192 2443 1278 2484 nume-

205 2533 253 2574 rus
276 2533 332 2579 uon
357 2515 515 2594 quaesitus,
539 2513 591 2572 sed
615 2514 676 2593 ipse
699 2523 827 2585 secutus,
845 2517 883 2572 'et
900 2532 990 2592 saepe
1014 2509 1114 2575 ordine
1139 2509 1278 2575 verborum

196 2599 267 2666 'siue
290 2599 348 2658 ulla
370 2610 470 2677 aperta
493 2600 615 2658 oratoris
639 2597 777 2658 industria
801 2598 921 2658 effeetus
940 2617 1004 2656 esse
1023 2595 1145 2663 videtur,
1190 2595 1278 2674 ltaque

206 2683 279 2765 apud
294 2683 426 2742 'Graecos
444 2683 499 2742 ianr
517 2685 583 2743 anui
602 2703 693 2764 prope
713 2682 912 2764 quadringenti
932 2694 1027 2754 eraut,
1051 2703 1132 2762 quum
1156 2699 1279 2750 numera·

206 2769 266 2830 rum
286 2767 406 2852 studium
428 2769 615 2848 prolmroturc
639 2768 758 2828 Romani
777 2769 893 2827 demum⁴
906 2765 1055 2827 Ciceronis
1074 2777 1170 2826 aetate
1190 2778 1219 2828 et
1236 2783 1279 2854 per

165 2929 169 2946 Ι
207 2853 378 2924 Ciceronem
402 2873 499 2913 eorum
523 2853 681 2944 exemplum
704 2854 795 2913 secuti
819 2865 897 2926 suut,
926 2873 1080 2932 quanquam
1110 2853 1195 2910 etiam
1223 2861 1278 2916 aute

205 2939 280 3008 bane
299 2941 425 3010 nonnulli
444 2940 571 3011 fflerunt,
596 2959 713 3018 quorum
737 2939 830 3007 oratio
853 2941 908 3004 iam
930 2937 1133 3026 propemodum
1158 2937 1278 2996 absolute

206 3025 429 3094 concluderetur
447 3019 496 3098 50,
516 3027 587 3094 169.
607 3019 678 3091 170.
699 3025 769 3093 lii,
797 3025 831 3091 L.
852 3023 966 3084 Caelius
984 3021 1146 3102 Antipater,
1167 3024 1280 3102 scriptur

205 3131 300 3179 rerum
320 3109 521 3183 Romanarum,
545 3113 572 3180 iu
595 3113 743 3200 prooemio
766 3107 836 3180 belli
858 3109 959 3177 Poulei
981 3109 1042 3192 lpse
1065 3109 1212 3187 professus
1236 3113 1279 3172 esl,

206 3215 285 3270 sese,
308 3195 356 3256 ubl
379 3198 570 3266 necessarium
594 3198 693 3262 visum
707 3205 797 3268 esset,
821 3195 908 3258 verba
925 3195 1090 3265 traiecisse,
1115 3213 1170 3272 quo
1190 3192 1279 3252 melius

206 3276 409 3354 adtenderet,
437 3293 486 3350 aur
509 3281 678 3350 decurreret
700 3281 735 3348 ab
758 3282 839 3350 luitlo
864 3290 893 3339 et
919 3299 972 3360 per
998 3277 1105 3338 medias
1133 3275 1279 3342 sententias

207 3351 310 3434 oratio.
357 3365 416 3431 Sed
439 3385 502 3427 eum
525 3368 638 3436 omnipo
663 3365 760 3436 rudem
785 3363 889 3432 Cicero
913 3365 1053 3454 appellatq
1079 3363 1160 3442 isque
1181 3382 1215 3422 eu
1231 3373 1279 3419 tras

206 3453 334 3518 lectione
357 3451 508 3515 verborum
533 3472 615 3530 quum
637 3471 704 3519 usus
731 3453 781 3524 sit,
808 3451 896 3515 nihilo
923 3459 1018 3520 taurea
1046 3449 1138 3537 aptius
1166 3444 1280 3529 explevil

208 3536 404 3622 conclusitque
423 3539 579 3604 sententias
598 3555 623 3606 c,
642 3537 697 3608 69,
717 3539 788 3611 229.
808 3537 880 3604 230.
1053 3545 1056 3554 “

295 3638 320 3716 ἓ,
344 3642 375 3701 4,
412 3636 576 3727 Scriptores
602 3650 770 3718 perveteres
796 3639 883 3708 mults
911 3637 946 3706 dc
974 3637 1106 3708 oratione
1134 3639 1279 3716 praesepii

207 3723 397 3812 reliquerunt,
431 3722 467 3790 de
495 3743 612 3792 nurnero
645 3725 767 3794 orpuipm
790 3723 858 3794 pilrii
890 3721 1050 3792 docuerunt
1081 3741 1106 3788 e.
1135 3723 1189 3792 55,
1217 3714 1278 3778 186.

208 3807 277 3878 Post
303 3808 459 3883 Isocratem,
486 3809 564 3882 nutriti
592 3820 622 3876 ct
648 3811 742 3898 magui
770 3811 840 3874 artis
869 3809 1013 3878 oratoriae
1040 3807 1169 3886 magistri
1196 3797 1278 3870 esurii

208 3904 285 3968 suut,
304 3889 489 3968 Aristoteles,
508 3893 704 3966 Theodectes,
722 3893 943 3983 Theophrastus,
963 3895 1009 3982 qui
1025 3883 1127 3960 'omues
1146 3901 1277 3952 numerum

207 3981 235 4048 la
256 3979 385 4048 oratione
405 3999 469 4047 esse
488 3981 642 4060 iusserunt,
667 3992 697 4048 et
718 3981 804 4050 mulla
824 3977 859 4047 le
879 3997 916 4048 ea
932 3999 964 4046 re
988 3975 1278 4067 praeaerm'serirrr’

207 4076 273 4134 aaut
291 4085 316 4134 c,
336 4065 390 4136 51,
410 4064 482 4132 172,
1099 4057 1103 4066 '

15 4217 17 4234 ·
99 4199 108 4218 *
208 4186 239 4253 5.
267 4181 484 4266 Aequalium
510 4183 550 4244 de
575 4180 621 4252 Μ.
645 4183 759 4247 Tullii
786 4182 951 4246 doctrina
977 4179 1116 4243 numeri
1141 4170 1274 4241 raelaia.

293 4287 319 4363 ξ.
343 4289 373 4345 1.
409 4279 653 4362 Quintilianus'li,
676 4285 717 4360 4,
735 4291 765 4347 i.
789 4297 877 4365 negat
904 4302 935 4345 se
962 4297 1027 4364 post
1050 4275 1224 4348 M.,rnlliun
1245 4269 1274 4328 di

209 4372 416 4460 compositione
440 4377 581 4448 (nurnero)
607 4373 735 4433 seribere
755 4389 886 4439 ausurum
905 4372 1008 4444 baisse,
1033 4372 1093 4442 eei,
1117 4371 1168 4440 ait,
1189 4356 1274 4426 errarit
