2764 4978
196 459 244 526 Μ
304 473 307 478 ·
476 402 479 414 ⁵
589 451 834 559 plinton

132 615 192 696 tal
303 629 492 706 XXXIX.
542 627 613 706 Sed
629 627 696 706 iem
711 629 818 706 foruna
833 631 907 728 ipse
923 636 1027 703 restat
1042 637 1076 704 et
1093 618 1295 728 χαρακτήρ

197 728 257 810 ille
282 737 339 833 qui
365 737 500 825 diuitum
526 735 584 832 qui
610 735 718 830 qualis
744 733 862 808 deheat
887 757 977 825 esse,
995 757 1047 808 ex
1070 733 1168 830 ipsis,
1196 756 1294 828 quae

199 862 300 936 supra
326 840 531 929 dictasunt,
561 836 704 932 intelligi
732 843 854 934 potest.
903 835 992 908 Nem
1017 843 1051 908 et
1075 835 1294 930 singulorum

198 943 372 1015 verborum
397 949 439 1016 et
454 940 692 1012 collocatorum
716 938 843 1019 lumina
868 939 1051 1034 effiginam,
1064 966 1068 978 ¹
1083 938 1202 1032 quihus
1235 938 1296 1008 sie

199 1043 396 1136 abundabit,
417 1049 456 1113 nt
470 1043 606 1114 verhum
623 1060 665 1113 en
683 1041 885 1138 oracullum
906 1041 972 1113 nisi
985 1048 1051 1112 ‘aot
1071 1040 1207 1135 elegans
1223 1047 1295 1110 saut

199 1170 299 1242 grave
320 1151 433 1236 exeat,
455 1169 498 1216 ex
521 1143 676 1239 omnique
695 1167 817 1238 genere
834 1143 1119 1243 frequentissimae
1136 1141 1297 1240 hunsla·

199 1249 306 1320 tiones
329 1254 450 1338 erunt,¹
468 1245 557 1342 quod
576 1269 636 1318 eae
657 1253 793 1343 propter
814 1243 1060 1319 sinilitudinern
1080 1244 1298 1318 transierunt

201 1351 328 1422 animos
344 1357 379 1422 ot
395 1348 544 1423 relerunt
560 1371 601 1419 ac
617 1355 748 1420 mouent
760 1343 826 1420 huc
839 1355 873 1420 et
884 1347 981 1436 illuc;
1000 1347 1056 1443 qui
1069 1353 1176 1418 motus
1188 1346 1297 1441 cogi·

200 1452 335 1524 tationis
353 1451 507 1526 celeriter
523 1451 666 1546 agitatus
683 1474 744 1547 per
760 1475 797 1522 se
812 1450 885 1546 ipse
902 1449 1056 1524 delectat.
1090 1445 1140 1520 Et
1156 1449 1299 1544 reliqna

201 1543 244 1628 ex
269 1553 490 1627 collocatione
514 1553 688 1624 verborum
717 1575 803 1648 quae
832 1559 1006 1626 sumuntur
1033 1551 1130 1647 quasi
1158 1550 1297 1624 lumina
1370 1587 1373 1598 ·

200 1680 357 1751 inagnum
387 1655 536 1726 afferunt*
558 1661 710 1728 ornatum
740 1654 904 1726 orationi:
939 1660 1017 1726 sunt
1046 1654 1135 1726 enirn
1164 1647 1298 1726 similia

201 1757 288 1849 illis,
314 1753 461 1853 quaein
487 1757 596 1854 amplo
622 1765 742 1830 ornatu
767 1781 886 1830 scenae
912 1764 970 1828 aut
990 1756 1054 1828 lori
1076 1755 1298 1853 appellantur

177 1859 363 1954 designa,
384 1882 465 1932 non
499 1858 587 1954 quod
618 1859 691 1930 sola
724 1866 858 1950 ornent,
894 1859 952 1931 sed
985 1859 1073 1953 quod
1107 1857 1297 1932 excellant.

115 2053 118 2060 ,
138 1959 337 2060 1²5Eadern
361 1960 446 2032 ratio
472 1967 524 2034 est
547 1961 680 2051 horum,
710 1985 793 2056 quae
818 1961 1080 2041 contemtionis
1103 1959 1232 2032 lumina
1262 1967 1299 2032 et
1372 1981 1373 1984 ’

204 2063 445 2161 quodammode
465 2063 626 2159 insigniat
653 2085 728 2134 oum
751 2070 808 2136 aut
827 2062 1040 2159 duplicantur
1059 2063 1296 2156 iterantprque

90 2180 97 2192 “
203 2166 321 2258 uerba,
348 2173 405 2236 aut
427 2165 570 2238 breuiter
591 2173 789 2240 commutata
813 2173 996 2262 ponuntur,
1015 2172 1080 2236 aut
1105 2165 1146 2236 ah
1174 2161 1296 2236 eodern

204 2268 305 2340 uerho
332 2266 462 2340 ducitur
486 2267 617 2364 saepius
644 2267 750 2340 oratio
770 2275 829 2340 ant
849 2268 883 2338 in
906 2267 993 2340 idern
1014 2267 1205 2358 coniicitur,
1232 2275 1299 2340 aut
1372 2349 1373 2352 Ἴ

205 2377 395 2465 utrumque,
414 2377 447 2442 et
463 2368 653 2465 adiungitur
668 2369 756 2442 idern
770 2371 940 2464 iteratum,
963 2377 997 2441 et
1012 2368 1099 2442 idem
1116 2369 1158 2440 ad
1175 2375 1299 2440 extre·
1372 2369 1373 2430 ἒ

205 2497 295 2543 rnnm
315 2470 474 2544 relerturr
501 2479 559 2542 aut
578 2471 786 2544 continenter
806 2495 908 2546 unuin
928 2471 1065 2544 verhurn
1086 2497 1157 2544 nou
1175 2469 1298 2544 eadem
1318 2482 1324 2493 “

207 2573 371 2646 sententia
391 2574 541 2668 ponitur:
564 2582 621 2644 aut
642 2597 717 2664 curn
736 2574 890 2646 similiter
909 2574 963 2646 vel
980 2573 1103 2646 cedunt
1120 2573 1221 2646 uerha
1232 2573 1298 2645 aul
1372 2567 1373 2610 ³

207 2675 394 2748 desinunt?
409 2683 467 2746 aut
487 2697 563 2747 enm
588 2682 666 2770 sunt
691 2675 866 2748 conneriis
891 2677 997 2748 relatu
1022 2676 1206 2748 coenaria:
1234 2685 1299 2748 arnt
1372 2751 1373 2758 χ

208 2801 284 2850 curn
308 2777 471 2872 gradatim
496 2801 625 2850 sursum
650 2802 780 2850 versum
805 2778 947 2852 reditur:
972 2787 1037 2851 'aut
1066 2801 1141 2850 enin
1172 2777 1297 2850 demtis
1372 2837 1373 2866 p

206 2879 496 2952 coniunctionibus
514 2878 672 2954 dissolute
692 2881 790 2978 plura
807 2875 976 2982 heuntur:
1000 2890 1057 2954 ant
1074 2905 1146 2952 curn
1166 2879 1299 2976 aliquid
1372 2869 1373 2880 ¹

208 2989 473 3078 praetereuntes,
490 2982 793 3076 arcidiaconus,
811 2983 1027 3082 ostendinus:
1046 2990 1104 3056 aut
1121 3005 1196 3062 euru
1214 3006 1299 3053 eor-

208 3083 347 3179 rigimus
368 3085 587 3182 nosmetipsos
604 3086 699 3181 quasi
720 3085 1013 3182 reprehendentes:
1036 3091 1094 3158 aut
1110 3085 1142 3156 si
1157 3084 1299 3156 estali-

210 3209 277 3280 qua
302 3186 498 3275 exclamatio
523 3189 577 3260 rel
602 3188 828 3262 admirationis
855 3187 909 3260 uel
938 3187 1204 3285 conquestionis3
1236 3194 1300 3260 aut

211 3311 287 3358 oum
304 3287 449 3360 eiusdem
466 3290 609 3362 nominis
626 3314 723 3364 casus
741 3290 873 3386 saepius
891 3295 1146 3362 commutantur.

43 3389 50 3398 ⁴
146 3410 207 3470 tao
316 3387 402 3462 XL.
455 3387 527 3464 Sed
554 3393 791 3464 sententiarum
820 3400 1011 3464 ornamenta
1040 3391 1167 3462 maiora
1196 3399 1299 3463 sunt:
1372 3411 1373 3436 t

213 3491 333 3588 quihus
355 3492 432 3588 quia
452 3493 714 3588 frequentissime·
735 3492 976 3566 Demosthenes
997 3494 1116 3584 utitur,
1139 3500 1217 3566 sunt
1238 3494 1300 3588 qni

211 3600 343 3689 putent,
364 3593 489 3668 idcireo
507 3595 578 3668 eius
596 3595 817 3691 eloquentiam
832 3596 975 3672 maxirnc
992 3619 1065 3668 esse
1081 3594 1299 3667 laudabilem.
1372 3667 1373 3670 ,

213 3693 262 3768 Et
282 3719 360 3766 vero
382 3696 493 3768 nullus
515 3696 585 3770 lere
607 3698 650 3772 ah
673 3721 712 3769 eo
732 3697 829 3770 loeus
850 3697 922 3770 sine
943 3697 1084 3795 quadam
1105 3696 1301 3770 conlonna·
1372 3677 1373 3744 l

213 3797 304 3870 tione
329 3799 513 3872 sententiae
539 3797 675 3872 diciturs
701 3800 966 3896 necquidquam
991 3808 1042 3872 est
1067 3799 1158 3870 alind
1185 3799 1299 3871 dicere

215 3898 282 3972 nisi
298 3907 355 3974 aut
372 3901 477 3974 omnis
495 3909 553 3972 aut
568 3908 658 3978 ceute
670 3901 846 3998 plerasque
859 3901 971 3997 alioue
983 3895 1299 3998 speeielillmninare
1372 3905 1373 3982 t

215 4001 414 4074 sententiose
432 4026 515 4098 quas
532 4027 608 4076 cum
624 4010 661 4077 tu
678 4003 815 4101 optime,
832 4003 955 4096 Brute,
971 4011 1101 4094 teneas,
1120 4003 1200 4099 quid
1217 4003 1299 4074 atti-
1372 4025 1373 4036 ¹

216 4109 274 4176 net
291 4104 486 4176 ‘nominihus
503 4105 561 4178 uti
574 4111 645 4176 aut
670 4103 852 4204 exemplis?
878 4113 1007 4180 tanturn
1031 4111 1164 4176 notetur
1189 4105 1298 4176 locos.

152 4212 212 4270 137
222 4202 284 4278 Sic
307 4205 410 4302 igitur
434 4207 522 4278 dicet
544 4203 619 4299 ille,
650 4232 746 4304 quern
776 4209 975 4305 expetimus,
1004 4216 1042 4279 ut
1066 4215 1175 4278 verset
1199 4231 1301 4303 saepe
1372 4195 1373 4230 ¹

219 4307 330 4380 rnnltia
355 4307 460 4384 modis
485 4308 615 4402 eadem,
642 4317 676 4382 et
695 4309 732 4397 in
752 4313 821 4382 una
845 4334 882 4382 ro
907 4308 1043 4382 haereat
1062 4309 1098 4380 in
1119 4304 1299 4404 eademqne
