2764 4978
364 465 425 526 ΑΙ)
459 465 664 528 MARCUM
700 410 906 536 aaaron.
1078 515 1091 547 ,
1135 471 1176 534 ar

96 640 227 736 quidam
243 665 297 713 res
315 642 350 712 in
367 641 519 738 perfacili
537 642 726 736 cognitione
743 652 944 716 recreatae·
980 645 1068 737 Quid
1091 647 1178 723 enirn

13 787 14 798 κ
95 745 157 814 iam
175 745 338 840 sequitur,
356 743 592 840 quodquidam
610 746 690 816 artis
708 746 763 838 sit,
782 747 847 818 nisi
865 747 967 818 ordiri
985 751 1179 841 orationem,
1278 773 1286 794 ‘

94 847 126 918 in
149 871 217 941 qno
239 851 297 916 ant
318 847 515 920 concilietur
536 847 665 918 auditor
689 856 748 919 aut
765 849 919 943 'erigatur
944 859 1002 922 ant
1027 860 1122 948 paret
1141 865 1178 923 s'e

95 949 134 1020 ad
161 949 376 1038 discendnm,
402 973 471 1020 rem
495 949 638 1023 breviter
658 973 824 1046 exponere
836 959 879 1022 et
903 952 1120 1050 probabiliter
1145 963 1179 1025 et
1303 977 1314 1024 ,·

94 1059 224 1146 aperte,
245 1060 298 1142 nt,
321 1051 400 1146 qnid
417 1060 551 1147 agatur,
573 1051 715 1148 intelligi
735 1053 859 1150 possit3
886 1077 947 1126 sna
969 1055 1177 1148 confirmare,
1232 1085 1235 1096 ·
1345 1085 1346 1093 ¹

15 1201 18 1208 ·
94 1153 283 1226 adversaria
305 1161 476 1242 evertere3
507 1153 611 1250 eaq'ue
642 1153 774 1226 ellieere
805 1179 873 1226 non
903 1159 1093 1252 perturbate
1119 1159 1179 1238 sed

94 1256 235 1351 singulis
257 1255 596 1350 argumentationibus
618 1256 666 1328 ita
687 1257 938 1350 concludendis,
958 1265 997 1329 nt
1013 1259 1178 1332 alliciatur

95 1359 180 1453 qnod
199 1357 244 1428 sit
261 1381 465 1453 consequens
486 1357 544 1450 iis,
567 1381 651 1454 quae
673 1360 905 1432 sumentur'ad
924 1383 1085 1456 quamque
1108 1385 1178 1433 rem

94 1459 371 1552 confirmandam
406 1467 481 1556 post
511 1461 622 1532 urania
650 1462 893 1558 perorationem
921 1459 1177 1536 indarnnlantenr

94 1563 392 1661 restinguentemve
410 1561 634 1634 concludere?
801 1611 803 1622 ·
997 1561 1005 1612 ἶ

95 1705 100 1712 -
171 1662 382 1743 ‚XXXVL
414 1663 507 1752 'Has
536 1666 640 1762 partis
665 1665 933 1760 quemadmodum
959 1674 1080 1740 traetet
1104 1668 1199 1740 sinn

15 1819 20 1828 .
95 1767 207 1862 galas,
231 1765 366 1838 difficile
388 1765 478 1838 dietu
499 1767 552 1838 est'
571 1767 634 1839 lroe
655 1768 746 1840 locu:
769 1793 831 1840 nee
852 1770 939 1841 enirn
960 1795 1089 1868 semper
1105 1779 1177 1842 tra-

94 1877 319 1946 ctanturj‘uno
344 1869 453 1942 niodo.
505 1869 670 1960 Quoniam
695 1877 895 1960 autemnon
921 1895 1017 1968 quern
1039 1873 1244 1954 docearnrro

95 1995 236 2067 quaero,
263 1959 321 2042 sed
347 1995 444 2066 quem
469 1973 621 2068 probemz
637 1973 798 2069 ‘protraho
824 1973 973 2069 pirineum
990 1999 1079 2066 enm,
1104 1977 1176 2072 qni,
1313 1986 1316 1999 '
1365 1968 1368 1982 ’

13 2147 14 2150 ,
96 2074 174 2170 quid
192 2073 324 2165 deceat,
341 2073 475 2146 uidebit.
526 2071 623 2145 Haeo
640 2074 727 2149 enirn
744 2075 906 2171 sapientia
922 2077 1205 2149 triarioru-adiri·r
1270 2143 1271 2153 ,

95 2176 205 2248 banda
235 2175 403 2272 eloquenti
432 2182 501 2268 est,
535 2183 574 2246 nt
607 2177 651 2248 sit
684 2184 866 2273 temporum
898 2201 1177 2276 personarumque

96 2279 295 2350 moderatum
345 2276 434 2350 Nam
450 2301 513 2350 nee
530 2301 660 2374 semper
675 2303 739 2350 nee
756 2279 843 2375 apud
859 2281 964 2352 orrrnis
981 2305 1044 2376 neo
1061 2292 1177 2353 contra

98 2381 204 2452 omnis
224 2403 288 2450 nee
308 2404 373 2476 pre
392 2381 543 2452 omnibns
563 2403 626 2457 neo
647 2381 798 2452 omnibus
819 2381 1045 2453 eodemmodo
1063 2384 1178 2456 ‹lieen-

98 2483 175 2554 dnnr
190 2482 364 2576 'arbitrer.·
389 2481 440 2555 ,Is
462 2481 525 2554 erit
546 2505 625 2578 ergo
647 2483 820 2578 eloquiam,
847 2485 904 2578 qui
928 2486 969 2555 ad
994 2485 1043 2578 id,
1067 2488 1178 2581 'quod-

13 2587 15 2596 '
98 2589 237 2679 eumque
260 2583 404 2676 decebit,
425 2581 546 2681 poterit
565 2585 814 2658 accommodare
835 2585 1027 2659 orationem.
1079 2589 1178 2679 Quod

98 2709 172 2758 eum
194 2685 363 2780 statuerit,
385 2695 469 2780 tum,
488 2695 528 2758 ut
549 2687 691 2783 quidque
712 2689 783 2759 erit.
797 2688 983 2781 dicendum,
1010 2689 1060 2761 ita·
1079 2692 1177 2784 (licet,

98 2795 301 2861 neorsatnra
326 2789 435 2862 ieiune
460 2791 535 2861 neo
548 2790 688 2885 grandia
712 2790 836 2863 minute
863 2815 924 2862 nee
949 2792 1027 2869 item
1048 2803 1177 2885 contra,

99 2884 164 2962 sed⁴
187 2891 252 2962 erit
266 2893 379 2966 xrebus
409 2893 490 2988 ipsis
514 2907 580 2988 par
605 2899 638 2964 et
662 2893 809 2988 aequalis
835 2894 953 2964 oratio.
1002 2893 1245 2990 Principiolal

99 2993 299 3084 verecunda,
312 2991 389 3065 don
409 2995 506 3067 elatis
528 2995 664 3066 incensa
680 2995 788 3066 verbis
809 2995 868 3066 sed
887 3002 985 3066 acuta
1006 2998 1178 3068 sententiis
1231 3050 1234 3058 .
1367 3011 1368 3018 ’

99 3096 150 3166 vel
172 3095 215 3168 ad
237 3095 454 3168 oll'ensionenn
472 3095 639 3166 adversari
654 3095 708 3166 rel
725 3095 768 3165 ad
784 3095 1096 3168 corurnendationem
1114 3099 1178 3170 sni.

100 3195 318 3268 Narrationes
334 3193 523 3286 credibiles,
541 3220 604 3268 nee
616 3187 780 3267 *historico
794 3197 852 3268 sed
868 3221 971 3294 prope
988 3200 1178 3294 quotidiano
1241 3216 1247 3225 ·

101 3323 251 3370 sermone
269 3300 453 3395 explicatae
471 3297 625 3370 dilucide.
676 3298 809 3370 Deinde
825 3300 854 3370 si
871 3301 979 3372 tennis
995 3325 1099 3374 ‘eausa
1114 3313 1178 3394 est,

100 3407 167 3472 turn
186 3401 286 3475 otiam
307 3401 557 3496 argumentandi
578 3408 676 3472 tenne
696 3401 789 3472 lilunr
811 3407 844 3472 et
861 3403 1067 3476 inducendo
1090 3412 1124 3476 et
1143 3405 1178 3476 in

102 3503 296 3593 refellendo,
313 3503 413 3600 idque
428 3503 476 3574 ita
492 3503 724 3594 tenebitur,ut
740 3512 864 3598 quauta
881 3505 925 3575 ad
940 3529 1008 3577 rem
1026 3515 1126 3578 tanto
1136 3505 1179 3577 ad

100 3603 283 3676 orationem
299 3604 358 3676 liat
375 3607 534 3678 masia
582 3604 670 3677 Cum
686 3630 763 3677 raro
781 3631 882 3678 cansa
898 3631 938 3678 ea
953 3608 1122 3700 inciderit,
1139 3610 1173 3681 in
1187 3623 1246 3682 125

13 3733 15 3740 ⁴
102 3730 165 3802 qna
186 3706 239 3779 vis
258 3707 464 3801 eloquentiae
485 3708 590 3804 pressit
611 3709 775 3804 expromi,
798 3717 866 3780 turn
887 3734 923 3780 se
943 3711 1043 3782 latins
1065 3712 1180 3783 fundet

101 3817 231 3900 orator,
252 3816 322 3879 turn
338 3818 431 3904 reget
448 3818 482 3882 et
498 3811 609 3884 lleotet
626 3811 752 3894 aniona
770 3812 867 3882 etsie
885 3811 1009 3884 olfieiet
1020 3822 1063 3884 nt
1077 3813 1178 3906 volet,

102 3909 219 4001 idest,
241 3918 280 3983 ut
296 3927 416 3991 causae
433 3920 552 3982 natura
568 3920 602 3982 et
618 3913 703 3982 ratio
721 3911 875 4008 temporis
889 3915 1125 4009 postulabit·
1230 3976 1234 3982 .
1367 3943 1368 3948 ’

203 4010 408 4084 XXXVII.
453 4011 523 4084 Sed
540 4014 603 4084 erit
620 4011 742 4108 duplex
759 4016 862 4086 onrnis
878 4017 951 4088 eins
969 4025 1104 4089 ornatus
1118 4017 1179 4088 ‘ille

104 4115 321 4206 admirabilis,
352 4121 486 4210 prepter
512 4113 608 4209 qurem
634 4115 783 4189 ascendit
811 4117 845 4188 in
871 4122 997 4190 tanaim
1022 4117 1178 4190 honoreac
1204 4118 1207 4138 '

103 4217 302 4312 eloquentia.
354 4215 441 4288 Narn
467 4239 541 4287 cum
567 4217 671 4288 omnis
696 4241 773 4313 pars
799 4221 959 4292 orationis
982 4245 1056 4292 esse
1083 4221 1180 4292 delet

105 4317 294 4410 hudaoilis,
317 4319 367 4423 sie
387 4327 426 4393 nt
446 4320 580 4390 verdum
601 4320 727 4391 nullum
748 4320 813 4392 nisi
834 4329 892 4392 ant
910 4346 1018 4418 grane¹
1031 4330 1088 4393 aut
1108 4323 1179 4395 ale
