2684 4990
191 505 258 567 lut
353 502 615 556 commutaturus
637 499 677 553 mt
695 489 888 570 struponis
907 471 1120 552 1111111111.

192 690 252 738 set:
272 675 330 736 und
348 675 587 755 geschminkte
607 673 749 756 Spraelte)
768 675 1012 752 repraesentiren‚
1031 693 1064 734 so
1083 676 1120 732 ist
1128 684 1215 732 unter
1223 672 1273 732 den

191 763 323 823 Muskeln
345 762 446 822 insides
468 762 613 840 vereinigt
635 759 773 839 gedeum,
802 759 887 818 Krall
908 758 965 818 und
985 759 1163 833 Schonlneitp
1191 757 1274 818 daher
1329 771 1330 800 ³

193 849 347 923 Quintilian
370 851 428 919 10,
453 851 486 919 1,
515 849 566 908 77.
591 848 757 906 Aeschines
769 846 840 924 plus
856 846 948 904 labet
963 849 1063 906 carnit
1080 865 1170 924 quant
1186 847 1275 904 lacer-

193 946 297 994 torum.
350 933 404 993 Bei
429 934 532 1013 Lysias
558 945 618 991 war
644 951 676 992 es
702 931 882 1010 umgeltchrt.
935 929 1048 990 Etenim
1075 932 1181 991 lacerti
1207 939 1274 1001 sunt,

192 1039 264 1098 quos
282 1018 386 1079 medici
405 1019 547 1078 musculos
565 1019 717 1096 appellant,
736 1037 764 1076 v.
784 1012 905 1076 Gesner.
923 1015 960 1076 ad
979 1017 1095 1090 Quintil.
1110 1020 1139 1076 8.
1151 1037 1274 1098 prooem.

193 1108 243 1165 19.
263 1104 338 1184 apud
357 1104 506 1183 Spalding.
524 1104 591 1163 Vol.
610 1105 638 1162 3.
659 1125 687 1182 p.
707 1104 780 1162 186.
801 1105 935 1180 Corpora
951 1123 1027 1162 sana
1045 1113 1078 1161 et
1088 1106 1205 1181 integri
1213 1121 1276 1160 son·
1329 1111 1330 1118 ’

190 1192 292 1270 guinis
314 1202 345 1249 et
365 1193 581 1250 exercitatione
594 1189 722 1267 firmata
740 1207 778 1247 cn
796 1189 898 1247 t't'sdem
915 1189 960 1248 lits
977 1189 1275 1266 speet'em'oeaipiunt,
1329 1227 1330 1244 .

193 1297 231 1336 ea
250 1277 353 1354 quibus
370 1278 464 1334 utres.-
483 1293 608 1353 nomque
627 1286 659 1333 et
674 1277 811 1336 colorata
830 1284 862 1332 ot
878 1275 1022 1336 aditriato
1041 1285 1073 1332 et
1089 1275 1213 1334 lacertis
1230 1292 1276 1330 ea·

187 1379 294 1440 pressa
315 1365 401 1432 suut.
423 1363 477 1421 sed
497 1363 597 1420 eadem
623 1363 736 1438 si‘quis
757 1361 841 1418 uulsa
864 1369 951 1438 atque
964 1356 1077 1436 fucata
1098 1359 1276 1418 muliebriter
1329 1353 1330 1392 3

193 1457 297 1519 comat,
308 1445 486 1526 sordissima
503 1449 652 1524 suntapso
662 1443 785 1524 soranae
804 1445 927 1504 labore..
957 1447 1000 1505 Et
1015 1446 1111 1504 cultum
1128 1461 1276 1504 concessus

193 1543 280 1610 atque
298 1532 473 1610 magnificas
492 1533 578 1591 addit
592 1531 765 1602 dominibus,
784 1541 817 1589 at
836 1533 949 1589 Graeco
968 1549 1055 1590 uersu
1072 1541 1210 1590 testatum
1229 1537 1274 1598 est,
1329 1567 1330 1570 η

193 1620 416 1676 asaetora'tatcm:
446 1625 480 1676 at
502 1617 653 1676 muliebris
680 1626 711 1674 et
736 1618 906 1675 incuriosus
931 1635 991 1676 non
1014 1635 1121 1694 eorpus
1143 1623 1274 1686 exornat,
1329 1609 1330 1614 '

164 1705 245 1771 (scd
275 1705 390 1780 detegit
418 1713 549 1762 mentem.
602 1703 747 1762 Similiter
773 1703 827 1760 illo
854 1703 1037 1760 translucido
1064 1712 1098 1760 et
1120 1701 1276 1760 uerst'color

193 1789 374 1866 quorundam
393 1789 520 1847 elocutio
538 1807 587 1846 res
605 1791 684 1866 pesas
702 1785 868 1867 effeminat,
891 1805 967 1865 puae
985 1789 1037 1846 illo
1056 1787 1211 1846 uerborum
1229 1787 1275 1843 da-

193 1874 255 1932 lila
273 1876 446 1932 vestiuntur.
493 1875 600 1931 Curam
619 1891 691 1950 ergo
710 1873 879 1946 uerborum,
901 1891 999 1930 rerum
1016 1873 1083 1930 uolo
1103 1891 1165 1931 esse
1182 1872 1275 1932 solici-

193 1959 331 2016 tudinem.
359 1957 438 2017 Idem
461 1960 494 2028 8,
523 1960 557 2029 3,
585 1959 615 2017 6.
642 1959 704 2017 Sed
720 1959 768 2016 lio
786 1967 909 2016 ornatior
925 1991 969 2020 τ-
986 1959 1082 2016 uirilis
1099 1968 1129 2016 ct
1137 1953 1234 2036 sortis
1251 1965 1278 2012 et

191 2053 312 2102 sanetus
328 2046 382 2102 sit:
411 2065 466 2103 nee
485 2041 684 2123 effeminatam
703 2045 863 2114 leuitatem,
883 2041 998 2120 alfnon
1018 2045 1185 2104 ementitum
1203 2043 1275 2100 colo-

191 2148 252 2188 rem
273 2139 362 2198 amet,
389 2132 536 2208 sanguine
555 2139 588 2187 e‘t
601 2129 713 2210 attilus
729 2131 834 2188 niteat.
854 2131 909 2210 10,
933 2131 966 2199 2,
991 2131 1041 2186 12.
1064 2131 1160 2190 manas
1177 2129 1273 2186 utrium

193 2233 229 2272 aa
250 2216 404 2291 sanguinis
426 2215 536 2274 labent
558 2215 786 2279 declamationes
804 2217 1068 2291 quamarotiones.
1111 2212 1203 2273 Vides
1219 2214 1275 2271 iun·

193 2307 241 2356 cta
263 2301 342 2358 viros
364 2311 394 2359 et
416 2302 592 2379 sanguinem.
619 2300 727 2359 Contra
749 2298 824 2378 apud
846 2311 994 2358 auctorem
1014 2298 1122 2376 dialogi
1141 2299 1178 2357 de
1195 2307 1273 2356 oratt.

192 2405 219 2442 e.
247 2387 298 2444 26.
325 2405 352 2464 p.
381 2387 453 2445 333.
481 2385 526 2445 ed.
549 2386 660 2445 Walth.
684 2387 756 2452 haec
784 2383 885 2444 eadem
913 2403 950 2442 ea
976 2383 1098 2443 adverso
1120 2395 1272 2463 ponuntur:

187 2471 259 2549 plus
275 2473 319 2530 uis
337 2491 422 2548 quam
438 2474 602 2549 sanguiris,
621 2471 669 2529 ubi
687 2474 731 2530 ais
749 2469 914 2542 sententias,
932 2469 1055 2548 sanguis
1073 2469 1202 2530 orinatum
1221 2470 1273 2528 sive

193 2556 306 2634 copiam
330 2567 360 2614 et
382 2556 540 2616 ubertatem
564 2557 703 2615 orationis
725 2555 842 2616 indicat.
891 2556 1067 2614 Luculentus
1089 2556 1216 2634 inprimis
1238 2555 1273 2612 lo·

194 2659 244 2699 cus
264 2651 308 2698 est
326 2641 490 2713 Quintiliani
510 2645 541 2712 1,
570 2645 603 2713 1,
628 2644 679 2700 24.
698 2644 871 2720 plerumque
888 2643 985 2700 nudae
1004 2643 1075 2700 illue
1094 2652 1176 2700 artes
1192 2641 1274 2702 nirnia

191 2725 366 2785 subtilitatis
393 2725 587 2805 affectatione
609 2725 762 2806 frangunt
786 2737 875 2812 atquo
896 2725 1058 2786 concidunt
1077 2727 1219 2804 quidquid
1238 2731 1275 2782 esi

194 2814 224 2870 ia
243 2815 390 2878 oratione¹
396 2816 580 2890 generosius,
600 2823 632 2872 et
647 2833 756 2873 ornnem
774 2830 889 2871 succum
908 2814 1025 2889 ingenii
1041 2811 1153 2884 dt't'runt,
1174 2821 1204 2869 et
1216 2827 1273 2869 ossa

193 2898 352 2976 detegunt.-
381 2917 462 2977 quae·
475 2909 510 2957 ut
525 2917 587 2958 esse
606 2909 639 2957 et
653 2900 804 2976 adstringi
819 2899 918 2960 neruis
934 2899 995 2956 suis
1013 2895 1132 2968 debent,
1155 2899 1198 2955 sio
1215 2911 1274 2955 ror·

77 3027 79 3036 .
188 3001 265 3060 pore
284 2986 445 3061 operienda
463 2994 540 3052 sunt.
558 2983 578 3043 i.
598 3004 624 3044 e.
644 2983 691 3042 die
706 2982 787 3042 Rode
806 2983 858 3042 soll
876 3001 953 3042 nwar
967 2981 1214 3041 chanlteninhalt
1231 2981 1273 3040 ha-

192 3068 248 3127 lten
270 3072 352 3139 (ossa
371 3077 463 3146 esse),
487 3069 545 3128 und
563 3069 643 3130 disse
662 3077 775 3128 mllssen
793 3065 839 3126 thr
857 3067 903 3127 die
923 3067 1081 3130 Keunktnlt
1099 3067 1193 3145 geben
1213 3065 1273 3136 (nd-

178 3157 306 3232 ‚stringi
320 3158 420 3214 nervis
438 3155 572 3232 debeat),
592 3155 664 3216 aber
682 3153 762 3213 diese
782 3153 883 3214 dllrlen
902 3153 982 3216 nicht
999 3173 1032 3212 so
1051 3152 1117 3210 kahl
1136 3151 1193 3211 nnd
1206 3152 1272 3208 ohne

192 3239 248 3298 alle
268 3239 448 3318 Belleidung
467 3249 624 3318 (corpore)
645 3237 956 3320 hingestcllt'worden.
993 3237 1065 3296 Nam
1084 3257 1192 3317 eorpus
1208 3252 1273 3306 nunt

194 3323 278 3396 dicit,
307 3325 382 3402 qnod
400 3326 467 3383 alibi
484 3329 679 3403 sanguinem„
714 3324 792 3384 Idem
811 3325 875 3384 lero
892 3343 978 3382 succo
998 3324 1155 3402 signifieat,
1183 3322 1272 3388 1110,

193 3412 227 3480 1,
251 3411 301 3468 31.
320 3411 446 3468 historia
465 3413 547 3471 alere
566 3413 730 3469 orationem
749 3411 873 3488 quodam
891 3409 979 3468 uberi
994 3411 1179 3488 iucundoque
1193 3425 1273 3466 succo

135 3532 137 3536 .
188 3504 299 3574 potest.
328 3493 387 3553 Sed
405 3496 600 3574 utplurimum
619 3495 712 3553 altero
730 3496 832 3566 utitur,
855 3503 887 3552 ul
905 3496 959 3565 10,
984 3497 1016 3565 1,
1041 3495 1092 3554 87.
1111 3503 1148 3552 ut
1156 3493 1273 3572 phrasin

194 3581 227 3638 id
244 3590 290 3638 est
309 3597 416 3658 eorpus
434 3583 620 3658 eloquentiae
629 3576 762 3657 fundunt.
791 3581 823 3651 0,
852 3581 887 3650 8,
911 3582 940 3637 2.
960 3579 1059 3642 nerut's
1076 3579 1152 3651 illes,
1182 3577 1274 3658 quidus

194 3683 284 3724 curua
302 3667 485 3737 connector,
512 3666 661 3724 odit'oittnt
674 3665 880 3742 superinducti
895 3667 1031 3743 eorporis
1045 3667 1183 3742 speeiem.
1212 3661 1273 3722 Sae-

193 3750 307 3830 pissime
327 3752 408 3810 nervi
427 3761 457 3809 et
475 3750 590 3828 sanguis
604 3751 780 3828 iunguntur5
795 3761 826 3808 ut
843 3751 900 3822 10,
919 3753 958 3830 1,
973 3751 1024 3809 60.
1038 3751 1198 3828 plurimam
1214 3765 1273 3807 san·

191 3837 293 3913 guinis
312 3846 400 3912 atque
417 3855 572 3896 neruorum
592 3836 632 3910 (in
649 3833 850 3910 Archilocho),
871 3836 948 3894 conl.
968 3837 997 3908 5,
1017 3837 1066 3905 11,
1087 3836 1138 3894 25.

279 3917 305 3996 ξ.
330 3919 380 3980 77.
404 3920 427 3978 l.
457 3924 583 3982 Pramum
606 3923 709 4000 t'gt‘tur.
741 3917 830 3980 Addit
848 3923 955 3999 a’gritur,
988 3923 1053 4000 quin
1079 3922 1134 3978 iam
1162 3917 1272 4000 prolerl,

195 4005 261 4086 quid
285 4017 383 4065 orator
400 4006 514 4066 Atticus
532 4024 589 4066 non
606 4005 715 4066 haltere
733 4005 852 4079 debeat,
879 4015 911 4065 ut
928 4017 1022 4066 tamon
1041 4005 1157 4086 integra
1175 4005 1273 4066 valetu-

195 4092 261 4152 dine
280 4089 407 4171 gaudere
425 4093 525 4171 possit.

279 4193 394 4258 ongum.
422 4177 475 4238 der
506 4176 643 4256 Ordnuag
673 4176 870 4256 ermangolnd.
901 4177 974 4238 Nam
1007 4180 1117 4255 uagari
1141 4174 1272 4254 signifieat

194 4275 299 4324 motum
317 4263 458 4322 incertum
477 4273 507 4322 et
524 4264 706 4322 temerarium
726 4261 785 4335 (die
803 4273 916 4322 unslete
935 4261 993 4322 und
1009 4261 1271 4322 zwecltloscBewe·

195 4354 296 4428 gang),
316 4369 341 4407 v.
361 4347 497 4410 Doederl.
517 4349 567 4408 lat.
587 4347 696 4428 Syuon.
714 4349 780 4407 Vol.
794 4350 830 4423 ,3.
848 4369 875 4427 p.
895 4347 978 4420 227,
998 4348 1270 4427 procumbentem·
