2678 4974
454 441 547 496 GAP.
572 441 619 492 lli.
638 442 655 496 t
674 471 706 482 -
723 442 748 492 t.
1101 391 1156 502 ib

68 613 97 682 l,
119 613 148 672 9.
172 613 288 710 dippeus
309 603 438 676 Hiberia
457 606 617 716 ea-atp'ee
636 633 787 696 χρηματννυ
804 645 847 659 -·
864 606 983 692 ΜΨ*
999 631 1146 713 mimmii.
1186 641 1193 654 '

66 693 176 776 σάμενον
197 719 249 776 νην
268 701 434 778 -ἐσοονυμίαν
455 703 506 778 τῆς
524 723 620 782 χωρας
635 733 679 746 -
696 711 769 781 σμῑν
791 697 840 760 καὶ
856 689 975 780 ,ὕστερον
991 709 1050 770 τοῖς
1066 701 1143 778 dupo-

66 799 115 852 νοις
138 771 181 844 ἔτι
206 783 298 862 μείζω
324 783 536 870 ξυνενεχθῆναι,
566 782 743 866 Εὐρυσθέως
767 783 818 862 μὲν
840 787 869 844 ἐν
894 781 928 864 τῇ
948 775 1145 884 §irruptioni

63 864 247 948 Ἡρακλειδῶν
270 863 486 944 ἀποθανόντος,
509 865 652 952 Ἀτρέως
668 869 706 931 db
726 861 855 950 μητρὸς
871 863 1025 950 ἀδελφοῦ
1042 889 1142 949 orcae

65 948 162 1029 αὐτῷ,
192 955 244 1028 eci
270 959 475 1038 ἐπιτρέψαντος
499 952 675 1038 Εὐρυσθέως
699 987 742 998 -
769 945 926 1034 Moesicae.
956 973 1027 1034 quae
1054 952 1144 1017 verba

66 1037 223 1116 Kruegerus
250 1039 324 1100 vidit
345 1039 422 1110 dieta
445 1060 510 1102 esse
534 1061 603 1120 pror
623 1037 798 1140 Εὐρυσθέως
814 1039 865 1120 μὲν
877 1073 920 1086 —
933 1031 1143 1122 duodecime,-

63 1119 172 1203 Ἁνρέως
193 1125 240 1200 dl,
268 1119 301 1200 ὃς
321 1117 355 1206 ἦν
376 1122 481 1209 μητρὸς
501 1119 627 1206 ἀδελφὸς
647 1129 739 1204 αυτῷ,
765 1159 807 1168 --
834 1119 891 1186 ὑπὸ
907 1119 1083 1205 Εὐρυσθέως
1100 1158 1143 1169 ·-

66 1203 193 1288 Μυκήνας
210 1215 442 1293 deceperimus,
457 1222 487 1272 et
500 1211 589 1276 verba
600 1207 707 1292 μητρὸς
724 1205 851 1289 ἀδελφοῦ
868 1199 953 1284 ὄντος
967 1205 1054 1286 αὐτῷ,
1070 1229 1142 1288 quae

66 1313 111 1370 per
127 1297 338 1374 appositionem
357 1308 465 1358 tautum
482 1297 589 1358 nomini
603 1291 724 1378 Ἀτρέως
741 1295 828 1356 adiici
846 1293 1000 1367 debebant,
1021 1295 1061 1354 ita
1080 1313 1143 1352 caua

66 1378 112 1444 boc
129 1381 247 1446 nomiae
266 1384 363 1446 lancta
380 1401 457 1454 esse,
477 1402 512 1444 ao
530 1383 554 1441 si
572 1369 654 1454 ὄντος
670 1381 786 1445 verbam
800 1381 962 1462 primarium
973 1391 1062 1452 esset,
1074 1399 1140 1458 que,

67 1483 113 1540 qua
137 1468 253 1526 ratione
281 1479 312 1528 et
337 1475 552 1548 quoftempore
578 1465 776 1546 Pelopidarum
798 1466 927 1548 potentia
948 1476 1141 1538 aestuasset,

66 1547 268 1612 declararetur.
313 1551 445 1614 Alterum
472 1553 631 1632 exemplum
658 1563 738 1614 extat
763 1549 868 1613 ibidem
897 1571 960 1653 oap.
991 1552 1022 1614 u.
1047 1539 1090 1610 iu
1112 1549 1143 1610 di
1206 1577 1209 1584 ·

65 1635 152 1700 accite
172 1649 234 1710 τοῖς
255 1641 276 1720 β
311 1631 409 1720 βάρους
429 1627 507 1700 ἔστιν
524 1631 565 1710 οἷς
580 1635 628 1700 νῦν
644 1671 688 1683 --
704 1635 815 1718 πυγμῆς
831 1637 880 1698 καὶ
897 1637 990 1716 eulpa
1007 1626 1090 1698 dete
1107 1639 1143 1696 ai-

66 1725 154 1794 iletac,
180 1725 232 1784 καὶ
254 1661 433 1802 ὅΣΞωσμένοι
454 1721 539 1786 τοῦτο
561 1721 661 1804 δρῶσι,
688 1723 736 1782 ubi
758 1721 846 1790 verba
864 1709 947 1782 date
964 1725 1077 1802 τίθεσαν
1096 1723 1144 1783 καὶ

67 1803 152 1885 Ρορρο
174 1820 276 1868 monet
298 1810 391 1888 posita
408 1828 473 1868 esse
490 1829 543 1889 pru
562 1799 665 1870 uiliter
680 1811 852 1886 τιθεμένων,
878 1826 970 1886 nuque
994 1807 1067 1866 euim
1087 1808 1141 1866 hoc

67 1890 132 1966 apud
153 1891 296 1957 barbares
314 1893 459 1972 singulare
478 1905 508 1954 et
525 1895 650 1954 moribus
668 1893 858 1974 posteriorum
879 1891 1054 1966 Graecorum
1073 1912 1143 1950 eau-

67 1977 188 2050 trarlum‚
218 1981 407 2038 vetustiorum
426 1991 520 2038 autem
540 1999 695 2056 congruum
715 1979 818 2050 luisse,
840 1975 917 2061 quud
933 1978 1027 2036 luctae
1047 1988 1076 2035 et
1093 1998 1143 2056 pu·
1191 2009 1194 2022 «

68 2061 162 2135 giletus
184 2065 314 2142 praemia
335 2064 548 2144 preponebant,
577 2064 630 2124 sed
653 2062 728 2150 quod
750 2065 892 2128 laetantes
911 2074 941 2128 at
958 2065 1061 2145 pugnis
1079 2082 1144 2122 ccr-

67 2153 149 2212 tautes
165 2149 354 2231 subligaeulis
373 2149 536 2218 utebantur.
962 2145 964 2150 ’

514 2301 535 2361 c
574 2324 600 2362 ι».
631 2299 684 2362 111.
738 2317 740 2324 ·
832 2335 834 2339 ,
886 2350 890 2367 .

141 2402 168 2480 e.
190 2405 223 2464 ν.
250 2405 338 2464 tarem
357 2323 679 2482 cesomaeofouuar.
701 2408 732 2477 ο,
753 2407 807 2478 aa,
825 2407 859 2464 4.
888 2372 891 2382 ’
913 2400 918 2435 1
1021 2371 1024 2376 ’

50 2526 55 2540 ο
141 2491 171 2551 ia
193 2492 400 2569 perpetuitate
423 2492 552 2550 dicendi.
586 2489 726 2551 durchaus
749 2492 787 2550 im
810 2509 921 2570 ganzea
948 2489 1073 2548 Verlaul
1092 2487 1144 2548 der

68 2567 149 2645 Reda,
168 2595 227 2633 aon
246 2575 337 2634 solum
356 2575 428 2634 loeis
447 2576 679 2648 (stelloaweise)‚
700 2575 752 2638 sed
769 2596 822 2654 per
841 2586 941 2659 tetum.

143 2663 222 2736 qued
237 2695 282 2706 --·
298 2679 358 2722 oen
380 2681 486 2738 saepe,
515 2671 603 2740 atque
625 2662 706 2720 head
721 2663 782 2727 acio
802 2681 839 2722 aa
857 2679 1003 2740 nonquam
1021 2694 1064 2705 —-
1082 2659 1144 2718 ede·
1208 2719 1209 2722 ,
1326 2663 1327 2668 ’

68 2752 135 2802 caat.
169 2744 205 2812 H.
228 2766 257 2808 e.
280 2743 355 2832 quud
373 2746 402 2804 iu
420 2748 613 2825 perpetuitate
633 2745 747 2806 dicendi
766 2765 944 2824 persaepe,
964 2756 1050 2824 atque
1068 2741 1146 2802 baud

25 2859 26 2864 κ
67 2826 120 2884 scio
138 2841 230 2890 atrum
250 2849 356 2909 saepe,
380 2851 416 2890 au
431 2832 473 2904 ,(ἰ.
494 2851 523 2892 e.
542 2839 578 2890 au
598 2843 714 2904 centra,
739 2853 773 2917 aa
792 2832 904 2912 potius)
924 2849 1065 2908 nunquam
1084 2829 1145 2888 elu-

68 2922 134 2984 ceat,
154 2915 182 2974 iu
202 2917 298 2996 aliqua
316 2925 398 2994 parte
417 2927 510 2978 autem
529 2918 626 2976 elucet
643 2915 808 2996 aliquando.
845 2914 878 2974 Si
897 2935 960 2974 eum
977 2913 1075 2994 putida
1093 2913 1146 2972 ob-

67 3001 221 3080 servatione
241 3001 369 3080 syntaxis
388 3001 465 3080 loqui
483 3001 631 3072 voluisset,
644 3003 692 3063 ¹ita
710 3003 866 3082 scripturas
888 3011 935 3058 ter
947 2999 1041 3079 posito
1055 2996 1145 3058 verbo

67 3077 174 3142 luisset:
205 3087 286 3166 quod
307 3088 337 3146 iu
355 3089 558 3164 perpetuitate
576 3088 698 3146 dicendi
711 3107 770 3146 eren
788 3105 877 3164 saepe
896 3086 1028 3156 elucet,
1057 3093 1146 3164 atque

68 3163 139 3226 daed
152 3175 215 3230 saio
236 3191 275 3231 en
292 3191 440 3248 nunquam
459 3172 615 3243 eluceat,
640 3174 670 3234 ia
690 3173 791 3248 aliqua
809 3181 904 3230 aetem
918 3179 1008 3248 perte
1027 3170 1147 3228 elucet

68 3251 233 3328 aliquande.
277 3256 379 3314 Maluit
400 3243 517 3315 verbam
540 3257 629 3316 semel
651 3276 776 3336 ponere,
806 3266 836 3314 et
858 3253 970 3336 quidem
993 3251 1144 3323 eomodo,

69 3337 109 3409 qui
126 3343 289 3407 sententiae
307 3352 364 3400 tam
383 3343 547 3421 primariae,
567 3352 624 3400 tum
643 3342 830 3422 interpositae
850 3341 996 3412 convenit,
1016 3339 1146 3400 scribens

69 3419 185 3486 edoceat.
222 3427 364 3490 Convenit
382 3437 477 3496 autem
493 3425 593 3486 medus
610 3427 691 3488 verbi
711 3429 828 3494 eluceat
844 3427 956 3506 utrique
967 3426 1144 3486 sententiae:

68 3500 165 3570 licebat
188 3513 263 3572 euim
288 3513 372 3574 ctiam
395 3513 437 3572 sic
460 3513 606 3592 scriberet
637 3513 715 3590 qued
733 3547 776 3557 —
798 3533 856 3572 nen
878 3531 967 3590 saepe
981 3513 1144 3580 eluceat,

70 3599 148 3666 atque
170 3599 252 3658 haud
273 3600 334 3656 scie
358 3617 397 3660 aa
419 3619 582 3678 nunquam,
611 3600 641 3656 ie
654 3600 765 3676 ⁴al‘c'qua
783 3607 879 3656 eutem
892 3606 983 3674 parte
1002 3597 1149 3668 edoceat

69 3675 232 3752 edocendo.
278 3680 385 3756 Eadem
404 3684 479 3740 ratio
499 3694 543 3740 est
561 3683 693 3764 simillimi
711 3683 768 3746 ioci
786 3703 814 3748 v.
837 3681 921 3740 Offie.
943 3683 979 3752 l,
1003 3683 1056 3753 21,
1077 3681 1145 3752 72„

70 3775 143 3833 quem
162 3767 196 3830 C.
217 3767 316 3828 Beier.
337 3768 383 3826 hic
403 3778 432 3826 et
449 3765 485 3838 ad
503 3767 631 3828 Laelium
649 3764 722 3834 Eae.
744 3767 782 3836 ll„
802 3767 830 3844 ἓ.
852 3767 904 3826 18.
924 3767 1029 3826 attulit.

147 3850 174 3926 ἓ.
195 3855 226 3913 9.
248 3855 414 3914 Menecrate.
448 3850 511 3911 Hoc
535 3853 663 3911 omuibus
686 3865 781 3912 autum
801 3863 845 3910 est
864 3853 983 3912 alterum
1002 3853 1090 3910 fuisse
1110 3871 1147 3910 ex

72 3929 258 3998 celeberrimis
282 3937 398 3996 Phidiae
422 3939 523 4015 siguis.
569 3937 601 3996 ld
623 3949 716 4000 autom
736 3948 798 3998 erat
820 3927 938 4018 ἄγαλμα
954 3931 1048 4019 ὀρθὸν
1065 3943 1093 3998 ἐν
1109 3929 1146 4018 χοζ

70 4011 130 4076 thee
149 4017 280 4104 aodppae,
307 4022 534 4088 uitPausanias.
578 4021 624 4080 Ac
646 4024 743 4090 tunica
761 4021 873 4102 quidem
892 4021 966 4082 demi
984 4034 1099 4102 poterat
1117 4034 1148 4083 et

73 4091 157 4192 demit
176 4108 363 4186 quadraginta
382 4119 503 4186 quatuor
520 4109 655 4167 talentum
674 4129 824 4170 aureorum
848 4106 944 4188 ponde
963 4118 1146 4190 erat‚„teste
1178 4155 1180 4159 .

75 4176 252 4268 Philochoro,
282 4213 354 4272 quae
366 4204 534 4272 exaequant
552 4195 742 4270 praesentium
761 4194 946 4274 imperialium
965 4193 1147 4272 septingenta

76 4276 209 4352 octogiuta
228 4298 281 4340 sex
303 4279 389 4352 millia
412 4290 580 4352 sescentos,
611 4299 773 4360 quemquern
799 4277 988 4346 crassitudine
1010 4277 1073 4338 auri
1091 4299 1146 4338 nou

1310 411 1319 448 i
