2746 4994
210 442 290 536 'nne
349 513 355 520 .
385 467 643 522 oomrmsrmn
664 467 704 521 rr
722 467 913 558 emenonis
932 467 1144 521 errrorem.

302 643 330 720 8.
363 643 435 702 209.
482 642 623 702 dolorem.
666 639 713 702 die
747 640 949 723 Tboitnnbme,
990 640 1042 702 dos
1075 641 1222 737 Mitgpffltt
1251 663 1279 701 m

219 727 272 790 dot·
289 725 456 872 Rbeeduerbnum
473 831 595 872 sensum.
632 810 679 871 die
703 812 860 871 nattiriiobe
883 813 1003 872 thrme
1026 811 1079 873 der
1099 811 1278 891 Emptiodmg,

220 901 271 960 mit
291 899 418 958 weleber
440 896 492 956 der
510 891 626 958 liodner
648 905 791 976 spreoben
813 897 876 958 boli.
911 897 985 982 Nam
1002 901 1163 960 momen
1184 899 1226 957 hie
1245 909 1279 958 est
1335 915 1336 978 t

219 983 264 1056 id,
276 982 358 1064 ‘quod
375 983 516 1074 bominem
536 982 630 1042 decet.

253 1113 257 1126 ν
305 1088 424 1145 notorie
457 1083 508 1144 des
531 1084 701 1163 Spreobers.
738 1085 786 1144 Sie
814 1086 898 1146 etiam
926 1104 952 1144 e.
976 1081 1026 1158 10,
1045 1087 1097 1146 61.
1126 1096 1221 1145 orator
1241 1105 1279 1164 op·
1335 1039 1336 1080 d

219 1171 340 1252 peilatus
359 1181 416 1242 est,
440 1169 490 1230 sed
509 1173 622 1230 ratione
645 1171 766 1229 notionis
788 1171 807 1228 i.
831 1189 857 1230 e.
881 1182 989 1250 gestos.
1027 1171 1162 1231 Ceterum
1185 1191 1218 1230 er
1237 1172 1278 1228 boo

219 1258 284 1316 loco
303 1257 427 1336 profecit
449 1256 564 1328 Quintil.
584 1258 613 1326 9,
631 1260 661 1326 4,
681 1258 753 1314 102.
776 1255 871 1334 finem
889 1276 989 1315 uersus
1007 1258 1175 1316 damnamus
1193 1255 1278 1333 infin

219 1345 376 1413 orotz‘ont's,
404 1352 435 1400 et
460 1341 563 1400 ibidem
591 1342 618 1419 ξ.
643 1343 713 1400 143.
754 1343 830 1400 Nom
857 1351 890 1400 et
911 1341 1105 1420 versificandi
1125 1361 1216 1420 genoe
1238 1350 1277 1410 est,

218 1447 303 1487 unam
332 1429 425 1504 legem
453 1427 584 1486 omnibus
607 1427 789 1485 sermonibus
819 1429 908 1486 dore.-
941 1437 974 1485 et
997 1428 1030 1485 td
1054 1447 1118 1486 oum
1145 1423 1279 1502 manufesto

218 1510 371 1592 affectatio
391 1521 437 1570 eet
454 1515 551 1581 (ouius
568 1515 617 1570 rei
630 1514 756 1570 mouente
774 1514 905 1571 cavendo
921 1515 1049 1590 suspicio
1063 1521 1123 1589 est)
1140 1513 1277 1571 tumetium

218 1600 344 1657 taedium
364 1617 402 1655 em
418 1599 609 1657 similitudine
628 1615 664 1656 oe
680 1600 846 1661 sotietatem
864 1607 967 1664 orente
984 1617 1099 1676 quoque
1118 1608 1162 1656 est
1178 1597 1278 1666 dulcius,

217 1685 311 1762 magis
337 1685 435 1761 perit:
465 1685 628 1761 amittitque
653 1693 684 1741 ot
698 1681 793 1759 fidem
820 1694 852 1742 et
872 1679 997 1762 offertus
1020 1693 1172 1761 motusque
1191 1699 1276 1749 omues,

218 1770 272 1847 qui
295 1779 341 1827 est
365 1770 394 1826 tu
421 1769 479 1826 doe
504 1787 576 1826 euru
603 1769 817 1845 deprehensus:
845 1787 901 1826 nee
917 1777 1020 1846 potest
1039 1771 1071 1826 ez'
1086 1769 1219 1839 eredere,
1239 1773 1277 1823 out

213 1864 340 1933 propter
358 1873 420 1912 eum
439 1855 540 1912 dolere
559 1861 589 1912 et
607 1855 700 1911 e'roset'
715 1855 817 1924 tudem,
837 1856 887 1912 oui
897 1863 989 1932 putot
1004 1854 1060 1912 doe
1077 1873 1195 1913 vocare.

650 2004 733 2064 Cur.
760 2005 866 2066 thttt

302 2109 328 2188 ξ.
347 2111 419 2169 210.
456 2110 486 2168 z‘u
503 2110 702 2169 oeeusotiout's
717 2111 855 2168 seeundo.
891 2107 923 2168 ln
937 2109 1053 2170 Verrio.
1072 2064 1275 2169 nonbibet.

218 2217 243 2258 1.
263 2197 292 2269 1,
312 2198 341 2256 2.
361 2206 391 2255 et
409 2215 469 2275 sqq.
592 2257 596 2278 Ι

233 2339 236 2351 .
301 2299 382 2358 utin
399 2307 514 2358 senatu.
541 2308 608 2357 ute
626 2299 793 2358 oonioetnrn
811 2297 841 2356 in
863 2317 953 2375 marg.
972 2296 1104 2356 Lambini
1127 2307 1157 2356 et
1174 2291 1275 2353 Ernesti

215 2405 270 2468 pro
288 2395 343 2444 out
358 2387 387 2443 iu
405 2394 519 2444 senatu.
555 2383 631 2443 Ven.
649 2385 678 2442 1.
705 2393 867 2442 uttenotu.
893 2383 1079 2469 Coniectura
1102 2383 1152 2441 illo
1173 2381 1276 2440 firmam

216 2470 251 2532 ab
271 2472 377 2550 optimo
396 2467 560 2528 11111111.

302 2573 338 2630 de
365 2571 518 2631 consulatu
543 2590 615 2630 meo.
641 2569 708 2631 vide
735 2569 771 2630 od
797 2569 888 2630 Attio.
916 2573 951 2644 1,
978 2574 1030 2631 14.
1066 2569 1207 2631 Plutarch.
1229 2564 1272 2623 tr.

107 2689 109 2697 ·
217 2658 313 2718 Crass.
345 2676 370 2715 e.
395 2659 444 2717 13.
478 2657 528 2715 sub
556 2656 603 2714 fin.
640 2656 702 2716 Bm.
738 2655 864 2716 Pessime
895 2657 1055 2716 orationem
1087 2655 1125 2716 de
1151 2651 1274 2714 consolato

217 2741 368 2806 Sobiraeb.
396 2741 432 2801 de
459 2743 589 2804 oratione
615 2753 681 2818 post
707 2740 828 2800 reditum
856 2743 885 2800 in
909 2753 1025 2814 senatu,
1057 2739 1226 2802 Bitterbeob.
1247 2731 1272 2790 de

218 2827 384 2888 Catilinnria
407 2837 506 2907 quarto
528 2821 710 2904 interpretati
733 2837 807 2886 sunt.
843 2826 894 2889 On.
929 2827 1041 2889 Etenim
1068 2827 1204 2886 emtionis
1226 2827 1274 2899 post

138 2907 140 2914 ’
216 2912 338 2974 reditum
357 2914 428 2974 haee
447 2913 520 2972 ratio
540 2924 617 2972 eret:
644 2913 812 2972 Ciceronem
832 2912 969 2992 postridie
987 2923 1053 2992 post
1069 2911 1190 2972 reditum
1207 2907 1239 2982 (b-
1254 2921 1274 2962 t·

217 2998 309 3060 Nonis
325 2997 488 3079 Septembr.
502 3018 529 3058 1.
545 2997 579 3058 U.
590 2999 704 3058 6962.-
714 3000 777 3072 58.)
796 2998 832 3058 ab
852 2997 938 3058 exssio
953 2999 1064 3060 senatui
1079 2998 1186 3076 gratias
1199 2992 1274 3070 epistt

217 3095 248 3144 et
264 3083 366 3144 eodem
390 3083 477 3142 biduo
501 3085 669 3144 concionem
692 3082 727 3144 ad
750 3085 882 3162 poputum
902 3083 1036 3144 habuisse
1056 3091 1169 3144 constat
1184 3092 1233 3138 tum
1248 3091 1274 3132 tt

142 3215 147 3218 -
216 3168 318 3230 Dionis
337 3170 428 3229 Cassii
448 3171 498 3241 39,
518 3173 568 3229 19.
588 3180 644 3228 tum
663 3165 699 3228 ex'
717 3169 846 3248 epistolis
864 3168 900 3228 od
921 3168 1011 3231 Attio.
1030 3173 1060 3240 4,
1080 3171 1158 3240 1,,2.
1181 3163 1237 3224 vot.
1251 3159 1273 3215 b

100 3305 103 3312 .
216 3277 244 3335 p.
263 3257 293 3314 6.
313 3255 359 3314 11.
380 3255 495 3314 Sebutz.
530 3252 571 3313 At
589 3246 624 3314 11
642 3274 713 3333 quae
732 3266 812 3313 extat
830 3255 922 3312 oratio
941 3266 1007 3334 post
1023 3253 1144 3314 reditum
1163 3253 1190 3310 in
1210 3263 1273 3306 seno-

217 3351 262 3410 tn‚
291 3361 307 3399 a
327 3341 476 3400 Ciceronis
503 3360 586 3398 monn
609 3360 665 3397 non
689 3341 821 3418 protecta
845 3350 911 3411 est‚·
925 3350 955 3398 ut
974 3339 1177 3400 demonstravit
1193 3333 1232 3392 Fr.
1246 3325 1272 3385 b·

217 3424 309 3483 Wolf.
330 3435 403 3502 post.
421 3423 617 3484 Marklandum
638 3433 675 3498 (v.
686 3425 725 3482 M.
735 3425 818 3483 Tullii
838 3421 987 3492 Ciceronis
1006 3444 1077 3504 quae
1096 3420 1273 3502 111311111-

217 3517 264 3568 tnr
291 3500 442 3568 Orationes
469 3521 590 3587 quatuor
606 3544 649 3556 —-
666 3511 854 3587 recognovit,
883 3508 1144 3579 animadversiones
1169 3507 1274 3578 integras

218 3593 239 3653 1.
255 3591 414 3652 Markiandi
433 3604 462 3653 et
480 3593 502 3652 1.
521 3592 559 3652 M.
581 3593 701 3654 Gesneri
719 3615 840 3674 suasque
859 3594 966 3654 adiecit
984 3595 1029 3654 Fr.
1043 3592 1078 3653 Α.
1093 3591 1181 3653 Wolf.
1196 3579 1272 3648 Betob

218 3681 311 3738 1801.
331 3681 371 3751 8.)
393 3677 475 3738 Conf.
497 3677 614 3737 Sohutz.
634 3678 702 3758 Opp.
723 3679 783 3738 Cio.
804 3683 833 3752 8,
853 3681 881 3740 3.
900 3702 927 3760 p.
947 3679 1011 3740 vlt.
1031 3691 1060 3739 et
1077 3677 1199 3760 inprimis
1215 3663 1273 3750 px·

217 3765 296 3824 Haeo
324 3766 412 3842 igitur
437 3776 502 3844 post
528 3764 768 3851 reditumloratio
796 3765 850 3824 ntia
873 3777 949 3837 erat,
978 3787 1059 3845 quam
1078 3785 1125 3836 ea,
1150 3751 1272 3841 quombit

217 3850 287 3909 dicit
310 3853 346 3909 de
368 3851 522 3928 oonmlatu
539 3871 599 3910 sno.
635 3850 679 3909 Ex
701 3869 735 3909 en
758 3850 869 3910 Nonius
890 3871 915 3910 s.
933 3871 959 3910 v.
985 3853 1093 3910 Census
1114 3849 1183 3908 bnec
1202 3835 1270 3901 verbe

109 3986 118 4010 .,
217 3936 316 3996 offert:
338 3955 459 4014 quorum
478 3937 609 3995 lunum'es
618 3933 782 4014 fortunato
800 3955 888 3996 ceusu
900 3938 1030 4014 peperit.

302 4039 424 4096 doloris.
457 4035 569 4110 Affeot,
588 4037 733 4117 Rbbrnng.

302 4142 334 4198 iu
352 4149 457 4218 quarto
475 4130 692 4200 Aenusotn‘ontr.
729 4139 773 4200 Do
793 4140 901 4200 Cerere
915 4139 1042 4200 Ennonsi
1062 4151 1105 4200 est
1122 4141 1148 4196 in
1161 4124 1270 4194 Verrinis

216 4223 282 4283 Aet.
302 4227 330 4283 2.
350 4226 414 4284 tibr.
432 4229 462 4283 41
482 4243 508 4282 1.
527 4229 578 4286 48.
595 4227 648 4286 49.
665 4257 708 4272 --
726 4225 762 4284 de
773 4225 943 4304 ,Segestano
961 4226 1053 4286 Diona
1072 4222 1171 4285 ibidem
1187 4235 1214 4286 t·
1229 4208 1268 4270 33·

217 4310 266 4368 34.
285 4344 327 4354 -—
346 4307 381 4370 de
401 4309 606 4388 Syracusarum
625 4311 680 4370 situ
699 4310 802 4371 ibidem
822 4329 848 4370 c.
868 4313 908 4372 52
926 4331 986 4392 sqq.
