2710 4996
199 487 269 550 ιω
360 485 619 538 communiamur
642 483 681 536 ιιι
700 481 892 537 ercenanrs
910 483 1122 546 onerosum.

613 611 619 620 ·
617 657 727 718 Car.
743 633 839 717 'tvl

198 781 249 908 7-9
283 764 406 906 §E188.
442 763 517 821 Nam
545 761 642 820 omnis
662 761 798 818 talis-
819 758 922 819 tribas.
956 755 1023 882 Vid.
1053 760 1168 866 Quintil.
1190 762 1221 834 9,
1244 767 1268 832 4,
1343 769 1344 806 ³

320 869 365 906 nn.

277 951 413 1030 partitam
431 951 460 1008 m
481 950 548 1008 tria.
593 947 729 1006 Verba
715 968 744 1006 ιιι
770 947 829 1006 trra
852 967 918 1006 mss.
939 947 1031 1006 tribus
1050 947 1183 1020 aberant,
1208 949 1345 1028 qnod

196 1056 253 1095 non
272 1053 336 1094 esse
356 1033 391 1092 de
410 1033 497 1091 nihilo
516 1041 596 1112 putat
614 1033 694 1092 Grut.
727 1031 823 1090 Locus
842 1052 911 1092 sane
933 1029 1018 1091 durus
1038 1044 1094 1104 est,
1114 1045 1144 1092 et
1162 1035 1271 1104 lprtasse

195 1123 323 1180 vitiosus.
369 1118 477 1177 Sensus
500 1129 560 1190 est.
590 1117 686 1196 pedis,
715 1137 769 1196 qua
793 1129 890 1200 partes
914 1119 970 1175 tria
998 1137 1108 1196 genera
1134 1130 1208 1177 sunt.
1247 1119 1272 1178 ln
1344 1123 1345 1128 ’

195 1208 286 1308 primo
306 1213 486 1283 suntpartes
505 1203 655 1281 aequales,
679 1213 709 1260 ut
733 1203 760 1260 in
785 1201 917 1282 dactylo,
942 1215 1111 1290 anapaesto,
1136 1193 1271 1284 spo'ndeo:

195 1293 237 1350 in
242 1291 334 1350 altero
354 1289 533 1368 inaequales,
557 1299 588 1345 ut
606 1290 634 1346 in
653 1288 761 1358 iambo,
785 1277 947 1389 trochaeo,
964 1289 1011 1347 ubi
1034 1309 1100 1368 pars
1119 1310 1176 1349 une
1194 1291 1272 1349 altero

194 1387 291 1438 tanto
298 1377 389 1434 maior
411 1385 455 1433 est
478 1373 585 1432 altera:
614 1375 643 1432 in
666 1375 770 1444 tertio,
797 1385 828 1432 nt
852 1375 879 1432 in
903 1392 1029 1453 paeone,
1057 1395 1113 1433 una
1137 1387 1220 1454 parte
1241 1397 1273 1435 sc.

193 1462 293 1540 longa,
307 1461 441 1539 reliquae
460 1469 525 1518 sunt
542 1460 638 1540 sesqui
657 1457 790 1516 maiores.
829 1457 889 1518 Sed
909 1479 956 1518 res
974 1459 1117 1520 brevitate
1137 1461 1274 1520 obscurius

194 1567 332 1628 expressa
351 1555 405 1604 est.
433 1543 503 1603 Enn.
534 1543 685 1603 Schutzius
704 1541 808 1602 edidit:
826 1547 1034 1624 partissturzta
1054 1556 1162 1604 atetc.
1192 1545 1275 1617 „Nan

193 1651 253 1714 pcS,
274 1634 327 1703 ait,
342 1633 464 1712 partitur
481 1631 510 1688 in
530 1627 594 1701 duo,
615 1649 671 1688 non
691 1629 719 1686 in
738 1630 803 1686 tria.
807 1636 826 1665 ‘⁴
852 1633 888 1690 Ιιι
908 1632 969 1688 tma
986 1641 1083 1690 tomen
1101 1633 1169 1690 mili
1189 1651 1276 1691 verum

192 1707 320 1788 videtur,
348 1727 379 1775 ut
395 1717 442 1774 sit
469 1718 499 1774 ia
523 1717 582 1774 tria
608 1733 737 1793 genera,
766 1735 829 1774 nam
857 1715 950 1774 hoc'
943 1733 1032 1794 ipsum
1058 1737 1175 1794 genera
1201 1717 1276 1776 modo

194 1801 304 1862 aderat.
349 1801 387 1862 Et
413 1801 478 1860 infr.
507 1820 532 1858 c.
561 1801 616 1872 66,
645 1800 716 1858 222.
746 1811 823 1858 est:
854 1803 882 1859 E
910 1809 1038 1878 quatuor
1064 1804 1174 1878 agriam,
1204 1805 1279 1881 quasi
1346 1821 1347 1830 ¹

152 1922 155 1936 ι
193 1890 429 1946 hexametrorum
449 1889 545 1944 instar
561 1905 693 1944 uersuum
713 1887 791 1962 qaod
806 1887 858 1956 sit,
881 1883 1082 1964 constutsere
1096 1888 1191 1964 plena
1210 1909 1276 1947 com·

100 1983 102 1988 '
188 1975 359 2052 prehensio,
379 1971 427 2031 nbi
446 1972 561 2029 omissio
577 1970 743 2051 substantivi
758 1969 843 2028 etiam
859 1969 960 2029 durior
974 1982 1027 2044 est,
1047 1973 1089 2030 sic
1109 1971 1276 2052 supplenda:

194 2069 358 2138 e'qaataor
378 2055 513 2115 membris
536 2057 623 2135 spatii
643 2053 794 2126 eiusmodi,
820 2058 898 2134 quod
919 2067 975 2115 etc.
1020 2056 1084 2116 Nee
1111 2056 1213 2130 video,¹
1236 2078 1279 2116 cur

105 2181 107 2188 ι
193 2163 251 2202 non
278 2154 360 2202 recte
388 2141 512 2212 dicatur,
540 2140 657 2222 pedem,
686 2160 740 2220 qua
763 2141 868 2220 spatia,
897 2143 926 2200 in
951 2143 1008 2200 tria
1036 2162 1148 2222 genera
1176 2145 1278 2224 partiri.
1347 2191 1348 2202 ,

125 2279 129 2290 .
193 2228 260 2288 Non
279 2229 369 2287 minus
389 2226 431 2298 id,
452 2227 566 2306 opinor,
586 2237 668 2286 recte
688 2228 732 2297 lit,
753 2239 833 2305 qnam
854 2225 986 2304 partitio,
1012 2248 1066 2306 qua
1083 2229 1279 2306 impressiones
1347 2249 1348 2252 ¹

193 2316 288 2385 vocis,
317 2315 345 2371 in
374 2311 439 2371 duo.
483 2312 583 2372 Verba
611 2315 641 2372 in
671 2314 730 2370 tria
758 2311 927 2370 omittuntur
954 2303 973 2378 a
999 2311 1083 2372 codd.
1107 2313 1279 2394 interpolatis

195 2399 269 2459 tatu.
289 2399 390 2458 Palatt.
412 2397 534 2470 dnobus,
559 2397 619 2456 llrl.
657 2397 729 2456 Sunt
747 2397 776 2455 in
794 2398 929 2469 sinceris,
944 2398 1037 2476 ¹etiam
1055 2397 1135 2458 llius.

215 2587 219 2594 ¹
250 2513 394 2598 ,partem
413 2519 500 2596 pedis
516 2551 559 2564 -
576 2521 677 2597 sesqui
696 2539 758 2578 esse
779 2521 932 2578 maiorem.
966 2519 1086 2578 Partem
1105 2511 1186 2578 'uicit
1211 2521 1280 2580 arsin
1348 2511 1349 2524 .

195 2617 227 2666 et
248 2606 352 2667 thesin.
398 2603 468 2664 Pars
491 2605 565 2682 parti
592 2606 676 2677 (arsis
698 2605 784 2676 tbesi)
811 2604 1019 2682 estlaequalis,
1043 2606 1126 2662 utin
1151 2604 1278 2684 dactylo:
1348 2625 1349 2632 ¹

193 2709 263 2771 pars
287 2687 391 2768 duplex
414 2700 458 2748 est
484 2689 544 2748 sive
570 2691 666 2750 altero
693 2697 775 2751 tanto
799 2691 908 2760 maior,
937 2699 967 2748 ut
993 2691 1022 2748 in
1050 2690 1161 2763 iamb03
1192 2692 1281 2770 sesqui

195 2786 290 2856 autem
302 2786 356 2850 ,est
371 2777 478 2850 maior,
502 2794 565 2834 cum
583 2775 673 2834 thesis
692 2786 737 2836 est
755 2775 839 2834 trium
856 2775 998 2846 brevium,
1024 2777 1097 2834 arsis
1121 2777 1204 2834 unius
1226 2777 1281 2834 lon-

197 2881 272 2940 gae,
286 2871 317 2920 nt
335 2863 367 2934 in,
382 2879 504 2939 paeone.
523 2862 648 2939 *Sesqai
663 2859 875 2920 Rnddimannus
896 2859 944 2920 Gr.
965 2861 1013 2937 lat.
1032 2860 1098 2918 Vol.
1118 2863 1147 2920 1.
1167 2881 1195 2938 p.
1208 2864 1281 2936 ¹ll8.

197 2945 332 3021 admfll.
353 2944 437 3017 dieit,
461 2947 587 3024 quamvis
602 2948 638 3003 in
662 2947 871 3024 compositione
891 2947 954 3006 fere
976 2965 1092 3024 semper
1114 2948 1281 3017 inveniatur,

197 3041 230 3094 ut
248 3032 277 3090 in
294 3034 479 3110 sesqualtera,
497 3033 675 3110 sesquialter
693 3043 765 3104 ete,
785 3032 831 3088 bie
851 3041 934 3090 extra
954 3033 1191 3110 compositionem
1211 3033 1282 3110 posi·

197 3128 257 3179 tum
280 3137 355 3178 esse.
400 3116 466 3176 Non
489 3119 645 3187 assentior,
673 3138 736 3176 nam
759 3119 997 3193 sesqai'maiorem
1024 3115 1197 3194 iungendum
1226 3127 1280 3176 est:

199 3221 291 3282 eaque
310 3213 355 3262 est
372 3204 458 3262 solita
475 3204 587 3274 tmesis,
612 3201 687 3281 quod
707 3223 768 3262 esse
787 3202 983 3279 interpositum
1002 3212 1077 3262 est.
1100 3199 1177 3262 Male
1202 3204 1283 3281 igitur

200 3285 333 3348 Budaeus
352 3287 392 3347 de
407 3285 482 3347 Asse
501 3288 565 3346 libr.
585 3290 614 3348 l.
633 3309 662 3366 p.
682 3290 732 3346 10.
752 3288 823 3346 baec
846 3283 934 3346 rerba
956 3287 997 3346 ita
1021 3289 1217 3365 transposuit·
1238 3297 1286 3347 aut

203 3374 298 3432 altero
323 3383 406 3438 tanto
429 3376 569 3434 maiorem
591 3383 644 3446 aut
664 3375 775 3451 sesqui,
799 3392 881 3451 quem
900 3383 1014 3432 secutus
1033 3383 1078 3432 est
1097 3372 1266 3440 Gesnerns
1258 3392 1283 3430 ιιι

201 3458 286 3518 Thes.
306 3458 340 3516 L.
359 3458 392 3516 L.
416 3458 482 3518 Vol.
501 3463 532 3517 4.
557 3459 612 3518 col.
631 3461 703 3518 420.
723 3461 814 3518 88-
827 3460 912 3532 102,
936 3469 966 3518 ut
989 3449 1108 3518 Beiedus
1132 3457 1284 3518 adnotavit

203 3541 247 3602 De
266 3561 299 3600 re
318 3543 395 3601 conl.
416 3543 530 3615 Quintil.
550 3546 583 3615 9,
603 3548 636 3616 4,
655 3545 707 3603 47.
725 3545 846 3602 Aristot.
863 3542 900 3602 A.
920 3543 973 3602 Rb.
992 3545 1026 3618 3,
1045 3546 1074 3603 8.

287 3647 335 3704 Ita
352 3644 405 3724 fit.
441 3642 557 3704 Schutz.
582 3644 688 3705 edidit:
718 3649 761 3704 itu
778 3645 983 3724 fit‘aeqaalis
1010 3648 1150 3724 dactylis,
1180 3648 1286 3725 duplea

204 3728 321 3801 iambis,
347 3733 515 3809 sesquiplem
536 3734 662 3810 paeoni,
689 3731 831 3808 vulgatam
859 3731 965 3790 dicens'
985 3731 1145 3791 absurdam.
1190 3731 1285 3804 „Nam

203 3835 260 3874 non
288 3816 349 3894 ipse
377 3814 517 3896 dactylus,
546 3817 600 3888 ait,
628 3817 659 3874 lit
685 3817 825 3895 aequalis,
853 3833 907 3876 nee
935 3815 1040 3895 duplex
1065 3817 1182 3876 iambus.
1231 3815 1286 3876 Sed

203 3899 275 3959 baec
304 3907 349 3960 e'st
374 3903 468 3980 potius
494 3903 654 3962 sententia:
700 3904 747 3961 Ita
769 3902 816 3980 fit
839 3903 973 3980 aequalis
1003 3921 1083 3982 pars‘
1097 3902 1180 3962 alteri
1215 3901 1286 3982 parti

205 3987 343 4063 dactylis,
377 3989 486 4064 duplex
512 4008 579 4065 pars
605 3988 723 4046 alterius
753 3989 842 4065 partis
874 3987 991 4060 iambis,
1022 3989 1192 4066 sesquiplex
1223 4007 1286 4066 pars

204 4071 296 4130 altera
322 4073 439 4130 alterius
466 4074 556 4150 partis
578 4075 697 4171 paeoni.
742 4072 780 4130 Et
807 4074 912 4132 siec
910 4073 979 4143 57,
1008 4075 1103 4132 193’.“
1147 4072 1207 4131 Cur
1233 4093 1286 4130 non

205 4158 292 4216 etiam
304 4157 486 4235 poeoai'lus
488 4157 615 4234 scripsit,
634 4168 666 4216 nt
683 4159 824 4235 locastis,
844 4147 1010 4228 iambici,
1012 4157 1103 4228 ,llaec
1121 4177 1175 4236 per
1192 4157 1286 4218 brevi-

204 4241 377 4319 loquentiam
396 4240 536 4303 dieuntrm·
532 4261 615 4320 ·:pro
630 4241 704 4301 lta
714 4243 747 4302 fit
771 4243 888 4315 (extitit)
913 4201 1090 4322 dactyllrs,
1081 4265 1109 4302 ιιι
1133 4263 1189 4322 qno
1214 4245 1287 4302 inest

205 4327 305 4386 modus
328 4326 470 4405 aequalis3
495 4325 648 4398 iambos,
639 4348 669 4386 ιιι
691 4347 747 4406 quo
770 4327 889 4408 duplan3
917 4347 1025 4408 paeon,
1048 4329 1077 4388 in
1099 4347 1154 4408 quo
1176 4327 1286 4406 sesqui-
