2684 4990
331 475 335 582 j
421 503 516 558 eir.
543 501 659 559 xxvu.
683 503 727 557 ei.
753 503 798 560 ee.
1086 501 1153 567 ute

156 677 207 738 eei
227 677 306 760 quod
325 677 417 738 decet.
462 675 499 738 Ut
521 695 583 738 cum
601 675 690 737 verbo
708 675 805 756 bamili
824 687 854 737 et
872 673 988 738 eeriliilo
1008 675 1154 738 substitui·

78 773 120 823 tur
135 761 211 824 aiiuil
229 763 388 823 honestum.
424 761 466 822 le.
486 763 565 846 qnod
586 764 672 822 decet
691 761 790 842 Stepb.
808 761 906 822 Lumb.
927 761 996 822 Sch.
1014 761 1083 821 Ere.
1102 761 1153 822 Or.

78 847 155 908 iloni.
175 848 292 924 Quintil.
312 851 345 920 8,
365 850 399 920 6,
418 848 449 906 6.
484 849 521 906 ld
536 843 680 928 secuntus,
709 857 764 906 ent
787 849 856 926 quin
878 867 995 907 neeesse
1017 858 1073 918 eat,
1101 856 1156 908 ent

78 937 142 1013 quic
162 933 383 1012 significantem
405 943 461 1004 cet,
485 943 550 1004 ant,
573 935 609 992 ait
628 933 704 1004 dt'ni,
729 935 797 1011 quie
820 934 978 994 decentium.
1013 933 1155 992 Fortuna·

63 1020 163 1082 -liueue
180 1017 218 1077 A.
238 1019 291 1078 lib.
310 1020 339 1078 3.
359 1039 387 1097 p.
405 1019 436 1079 ⁷.
457 1016 516 1094 (eil.
535 1017 625 1078 Paris.
640 1019 745 1087 1599.)
777 1019 982 1078 Preneletiene
998 1019 1154 1078 verberant

77 1114 145 1183 quet
160 1125 199 1163 ee
217 1106 315 1163 ennet'e
332 1106 460 1163 edmeri
484 1113 619 1183 quatuor.
666 1103 796 1180 Qnibnal
811 1104 1007 1172 necessitatis,
1027 1104 1152 1176 decania

78 1189 238 1261 brevitatis,
268 1191 449 1248 intentionis.
492 1186 533 1247 At
559 1189 638 1268 qnod
667 1187 740 1246 iicet
767 1186 846 1246 Eine.
875 1186 932 1252 Vit.
959 1185 1010 1246 Dr.
1037 1185 1152 1248 blouue.

75 1272 146 1334 Ven.
165 1276 195 1333 1.
214 1275 246 1332 2.
263 1272 341 1334 bled.
359 1271 445 1333 altu.
463 1273 525 1332 Tui.
543 1271 621 1332 Vict.
639 1271 716 1333 blan.
737 1271 814 1332 bier.

155 1377 218 1436 iam
241 1369 305 1436 eniri
322 1377 491 1458 fleuerunt.
519 1373 668 1444 Seblrueb.
691 1377 749 1434 inm
771 1393 833 1436 enm
855 1375 1071 1462 constance-unt.
1099 1373 1155 1435 Pa·

76 1459 132 1520 latt.
150 1463 181 1520 1.
200 1459 254 1521 Gu.
273 1463 303 1524 3.
328 1459 435 1542 Grypb.
455 1462 512 1520 inni
530 1461 746 1542 confluxerunt.

155 1565 262 1644 Itaque
282 1583 379 1644 genus
395 1564 451 1622 hee
467 1595 510 1612 -··
524 1582 648 1646 genere.
684 1561 834 1628 Sebutziee
857 1561 916 1641 legi
938 1562 1013 1629 vult:
1049 1563 1154 1641 Iteqne
1261 1545 1283 1572 ⁹

78 1648 148 1708 inne
167 1651 280 1710 Graeci
294 1649 461 1726 appellent,
481 1647 658 1727 improbante
677 1647 840 1723 Goerenzio
858 1641 894 1706 aii
913 1647 973 1706 Cic.
992 1647 1052 1706 Fln.
1072 1647 1105 1706 Β.
1124 1657 1155 1707 et

77 1729 113 1792 lt.
130 1735 162 1805 2,
186 1735 243 1806 11,
267 1733 318 1793 33.
341 1754 369 1812 p.
389 1733 476 1804 171„
503 1734 550 1812 qul
577 1731 816 1810 ,‚glessam‚„oit,
844 1731 916 1792 banc
943 1733 1157 1802 correctionem

79 1813 212 1880 lineriei‘
255 1817 322 1878 Dixi
341 1819 395 1877 lam
414 1817 450 1877 de
468 1817 523 1876 bec
543 1817 608 1878 loce
631 1817 659 1877 ln
682 1815 747 1876 adn.
766 1816 900 1878 adlinet.
920 1819 974 1888 12,
993 1820 1045 1876 42.
1081 1816 1155 1876 Sen-

79 1922 122 1961 sus
147 1914 207 1966 esta
241 1923 306 1977 cunr
332 1903 518 1992 metaphorae
545 1903 720 1962 continuatio
748 1903 794 1974 lit,
826 1913 888 1966 teta
915 1904 1045 1962 eratione
1073 1902 1157 1962 eliud

79 1989 195 2060 dicitnr,
225 2009 308 2070 quam
330 1987 426 2054 verbis
450 1986 568 2070 proprio
591 2007 677 2047 senen
700 1989 838 2076 acceptis.
883 1987 955 2048 Hinc
981 1987 1037 2048 boc
1065 2007 1155 2066 genus

79 2070 177 2133 Graeci
199 2071 372 2158 oiiipyopian
396 2073 443 2148 (ab
465 2063 538 2134 ἄλλο
560 2083 591 2133 et
612 2067 766 2162 ἀγορεύειν)
791 2072 932 2134 dixerunt.
978 2073 1050 2132 Hinc
1070 2071 1156 2132 etiam

79 2149 194 2222 initote
217 2160 361 2242 appellata
383 2169 441 2230 eet,
469 2160 534 2248 quia
560 2155 664 2236 aliquid
690 2159 938 2236 stibintellrgitnr,
966 2157 1041 2236 quod
1067 2157 1156 2216 verba

77 2245 184 2324 propria
202 2265 262 2306 nou
281 2244 402 2326 babent.¹
442 2243 528 2302 Culus
546 2244 590 2304 rel
609 2243 767 2320 exemplum
790 2243 913 2324 proponi
931 2253 1026 2320 potest
1045 2241 1156 2301 Horatii

78 2327 210 2406 allegoria
228 2331 324 2402 navis,
348 2349 428 2409 quam
447 2327 648 2406 rempublicam
666 2327 789 2405 intelligi
807 2327 875 2386 vult.
920 2325 1009 2386 Poeta
1032 2325 1067 2385 ile
1091 2326 1156 2386 navi

77 2409 209 2493 loquitur:
238 2413 387 2495 audientes
405 2413 607 2503 rempublicam
630 2399 863 2491 subintelligenti
881 2409 1058 2473 ὑπονοοῦσιν.
1093 2409 1157 2470 Νο·

78 2515 149 2572 οοο,
176 2502 277 2580 pergit
298 2501 436 2579 sc'rlptor,
463 2509 572 2568 rectum
596 2508 655 2570 esta
684 2518 746 2557 nam
768 2508 835 2578 apte
858 2497 1002 2577 significet
1027 2507 1156 2557 naturam
1217 2561 1221 2566 ,

78 2583 248 2662 allegoriae3
278 2605 369 2666 genus
391 2587 514 2656 lertaese
537 2584 578 2643 illi
600 2583 700 2642 meiius
722 2581 873 2654 deliniunt,
897 2584 945 2664 qul
967 2582 1156 2642 omnia·becc

80 2671 294 2752 (metonymice,
330 2671 525 2749 metaphorae,
561 2669 729 2748 allegoriae,
765 2668 933 2743 abusiones)
970 2669 1019 2734 uel
1053 2667 1183 2748 generi,

78 2756 267 2816 translationis
289 2755 452 2815 subiiciunt.

156 2855 339 2939 ἀλληγορίαν.
384 2857 473 2930 Quam
498 2859 693 2934 suspicionem
720 2853 791 2915 (licit
815 2857 940 2936 scriptor
965 2853 1002 2914 ad
1028 2854 1156 2914 Hereum.

79 2938 108 3008 1,
133 2943 166 3014 6,
196 2947 249 3002 10.
278 2945 456 3012 inversione,
489 2943 640 3018 ambigena,
671 2943 839 3018 naepteione
869 2951 927 3001 etc.
970 2938 1157 3019 Antiquioree

79 3019 148 3085 inter
174 3027 305 3087 Graecos
333 3027 468 3086 dicebant
494 3021 648 3098 bieimann·
671 3023 728 3084 vil.
756 3026 878 3104 interpp.
905 3023 941 3083 aii
968 3023 1095 3086 Demetr.
1118 3021 1157 3082 ile

79 3105 184 3172 Elocut.
203 3114 232 3190 ᾗ.
249 3113 409 3171 109143.
428 3111 556 3172 Fischer.
574 3112 665 3190 praei.
684 3108 721 3168 ad
739 3109 858 3169 cundem
878 3131 904 3189 p.
918 3108 983 3168 Vll.
998 3129 1041 3188 sq.
1060 3108 1157 3168 Walt.

79 3197 163 3268 praei.
191 3198 230 3258 nil
256 3196 342 3256 rheti.
366 3215 410 3274 gr.
434 3196 499 3254 Vol.
517 3198 548 3256 9.
575 3215 602 3276 p.
621 3195 671 3255 Vi.
695 3196 818 3274 interpp.
841 3193 877 3254 aii
898 3194 1027 3274 Thucyd.
1045 3193 1079 3266 2,
1102 3195 1157 3254 41.

79 3273 141 3339 Εοο.
160 3281 263 3343 Lexic.
282 3281 409 3342 tecbnei.
428 3279 514 3341 rheti.
534 3301 577 3360 gr.
597 3301 625 3360 p.
645 3282 685 3340 12
703 3291 747 3361 sq.
765 3301 793 3360 p.
812 3280 885 3340 367.

159 3383 185 3462 §.
203 3387 257 3446 95.
281 3385 371 3444 letne.
399 3383 461 3443 Hoc
481 3393 537 3455 est,
556 3384 619 3442 lusa
637 3393 668 3442 et
683 3393 777 3451 tracta
796 3383 942 3454 oratione,
960 3401 1018 3441 οοο
1036 3379 1158 3442 acutnlle

81 3472 108 3520 et
123 3472 250 3547 angustis
266 3463 499 3530 *conclusionibus
524 3468 627 3533 elatae.
671 3467 737 3530 Vld.
757 3489 827 3548 quos
847 3467 996 3547 Spalding.
1015 3465 1051 3554 ad
1070 3466 1160 3540 Quin-

80 3547 119 3608 ill·
138 3553 170 3624 5,
190 3557 246 3625 14,
265 3556 316 3614 33.
339 3556 367 3614 in
390 3547 473 3615 netls'
489 3555 552 3614 erit.
572 3553 684 3626 citavit,
709 3565 739 3630 ct
756 3553 953 3614 Buttmannurn
976 3551 1013 3611 ad
1036 3550 1175 3612 eundem'

81 3633 127 3705 12,
145 3639 195 3711 10,
215 3641 266 3699 23.
302 3641 413 3700 beetne
431 3639 571 3706 Guilielm.
587 3651 617 3700 et
631 3639 683 3698 lui.
698 3639 776 3699 Vict.
795 3659 823 3718 p.
839 3641 910 3698 108.
946 3639 1046 3698 Medio
1062 3645 1160 3696 entem

79 3726 182 3790 generi
198 3721 321 3786 dicendi
334 3729 431 3786 omnin
449 3735 623 3785 ornamenta
642 3728 831 3794 convenient,
852 3725 1012 3801 pinninum
1028 3724 1161 3781 annvita-

83 3804 130 3873 tie,
156 3813 275 3870 metten
295 3813 521 3881 sententiarum,
549 3812 648 3869 inetne
674 3811 865 3886 eruditaeque
891 3809 1103 3885 demutationes
1129 3813 1163 3865 et

82 3903 239 3963 communes
274 3895 336 3953 loci
366 3898 430 3954 eine
465 3897 653 3960 contentione
688 3895 833 3951 dicentem
877 3894 969 3954 Letue
1000 3903 1029 3952 et
1064 3893 1160 3951 laetum

81 3987 214 4053 Perpetuo
234 3969 369 4038 conlundi
387 3977 499 4050 videas,
512 3967 599 4037 ¹velut
617 3979 711 4043 statim
729 3975 802 4055 apud
822 3977 1022 4051 Quintilianum
1039 3977 1071 4036 ll.
1092 3993 1156 4050 ecca

82 4051 125 4116 hic
142 4073 234 4150 autern
253 4065 321 4124 nihil
342 4065 464 4142 cogitari
483 4073 579 4142 petest
596 4063 734 4143 ineptiae,
755 4083 836 4142 quaer
855 4064 962 4122 lectae.

164 4167 391 4245 eeplieeinnter
411 4198 454 4210 —
476 4167 620 4224 dicenter.
667 4162 717 4224 Sic
745 4163 797 4224 Gu.
825 4167 855 4226 3.
893 4167 1046 4234 (dicentur
1072 4161 1160 4223 etium

85 4237 132 4302 lul·
161 4247 271 4330 Victi,
306 4251 447 4332 probante
483 4247 680 4328 llcuslngerer
725 4249 800 4322 „lest
834 4253 908 4311 enim
943 4246 1159 4328 praecipientis.

70 4321 172 4412 ‚Vulgo
200 4339 388 4416 replicentur
409 4373 450 4383 —
477 4337 645 4396 de'eentrtr.“
689 4333 810 4396 Scaurz.
856 4333 1002 4415 improbat
1023 4329 1159 4393 emenda·
