2764 4978
136 466 182 527 ιιι
582 416 789 564 ιιιιιιιιιιι

135 641 199 712 hus
219 641 319 712 rchns
340 639 466 736 aliquid
487 639 660 736 optimum,
682 640 782 712 etiam
798 638 828 710 ei
840 638 978 731 lateret,
1001 638 1098 734 idque
1116 639 1157 711 ah
1175 664 1219 712 ee
1320 641 1335 658 '

56 823 59 829 ,
136 768 249 841 posse,
272 743 417 837 quincius
435 742 601 813 reinerus
623 749 725 834 esset,
747 741 900 813 iudicari.
1093 745 1098 782 ¹
1144 767 1147 776 ’

90 855 132 914 37
242 842 334 916 XII.
385 842 457 916 Sed
480 844 634 939 opsonium
658 844 756 940 plora
779 852 858 915 sunt
879 843 1064 916 orationum
1093 867 1222 938 genera

135 973 241 1044 eaque
271 948 419 1038 diverse,
454 946 623 1042 usquein
647 971 748 1018 unam
772 946 911 1022 lornrmu
936 945 1060 1018 cadant
1084 949 1218 1022 omnies

134 1049 376 1141 laudationum,
402 1050 608 1140 suasionum,
634 1057 668 1120 et
687 1049 913 1141 historiarum,
938 1055 972 1120 et
992 1049 1108 1120 tahnm
1129 1053 1221 1122 seri-

76 1193 82 1208 ι
135 1153 303 1272 ptionum,
338 1152 478 1248 qualem
492 1151 660 1224 Isocrates
685 1151 766 1223 fecit
789 1151 907 1226 Panes
884 1152 1032 1248 gyricum
1057 1153 1220 1249 inultique
1351 1233 1355 1238 ,

85 1333 91 1362 Ι
136 1257 211 1348 alii,
238 1257 293 1354 qni
318 1264 396 1326 snut
421 1253 581 1330 nominati
605 1254 789 1349 sophistae,
814 1255 1080 1350 reliquarumque
1105 1279 1220 1328 rerum

135 1358 286 1477 sormam,
298 1380 389 1453 quae
406 1355 527 1426 ahsont
543 1355 705 1428 elorensi
722 1358 945 1447 contentione,
962 1357 1098 1456 eiusque
1114 1359 1218 1430 totius

121 1539 126 1550 ,
135 1463 284 1557 generis,
299 1458 389 1556 quood
407 1455 538 1532 Graece
555 1452 788 1530 ἐπιδεικτικὸν
804 1460 1008 1549 nominatur,
1026 1460 1104 1554 qnia
1121 1461 1220 1556 qnasi

106 1567 110 1583 '
136 1564 180 1635 ad
196 1559 436 1660 inspiciendum
453 1560 679 1632 delectationis
702 1585 804 1632 causa
820 1569 1044 1658 comparatum
1061 1569 1127 1662 est,
1148 1587 1219 1636 non

137 1667 339 1762 cornpleetar
366 1663 431 1733 hoe
461 1671 627 1759 tempores
662 1689 729 1734 non
755 1687 819 1759 quo
846 1663 1044 1760 negligenda
1068 1665 1131 1753 sit3
1165 1673 1220 1742 est

136 1769 225 1840 enim
240 1767 300 1837 illa
316 1765 411 1861 quasi
427 1765 541 1836 nutrix
558 1755 629 1838 eius
646 1767 800 1858 oratoris,
818 1791 915 1862 qoem
930 1765 1108 1838 informare
1120 1767 1221 1838 rolu-

66 1955 68 1964 γ
137 1893 226 1962 rrius,
247 1877 281 1941 et
302 1867 343 1940 de
364 1893 428 1964 qno
450 1868 603 1940 molimur
623 1868 747 1964 aliquid
768 1867 964 1964 exquisitius
985 1868 1107 1942 dicere.
1157 1869 1218 1942 Ah

137 1970 201 2042 hae
226 1980 260 2043 et
283 1971 457 2043 verhormn
481 1971 577 2067 copia
602 1970 704 2042 alitur
729 1975 762 2042 et
791 1995 905 2042 eornm
930 1972 1152 2062 constructio,
1183 1980 1221 2044 et

89 2075 296 2152 ³8nrr'meros
316 2073 471 2146 hheriore
493 2073 632 2167 (poariam
653 2073 773 2163 fruitur
792 2073 939 2144 licentia.
990 2071 1102 2144 Datur
1117 2074 1221 2146 etiam

136 2177 233 2248 venia
249 2176 465 2274 concinnitati
480 2177 736 2248 sententiarum:
759 2183 792 2247 et
808 2176 917 2270 arguti
934 2175 1081 2270 certique
1098 2184 1132 2247 et
1148 2176 1222 2247 cir·
1277 2253 1282 2271 ι

137 2279 329 2376 cumsoripti
349 2251 523 2350 herhorum
544 2279 686 2350 emhitus
707 2277 948 2350 conceduntur:
974 2277 1015 2347 de
1036 2277 1222 2349 industria-

137 2405 201 2478 que
222 2407 290 2454 non
311 2406 354 2452 cx
373 2380 502 2453 insidiis
523 2380 582 2471 sed
607 2389 721 2477 aperte
745 2403 787 2453 ae
812 2381 922 2476 palam
948 2378 1152 2472 elaboratur,
1178 2389 1222 2452 ut

136 2485 238 2556 ucrha
253 2484 363 2555 uerbis
381 2507 474 2578 quesn
465 2482 641 2554 ιιιιιιιιιιιι
661 2491 694 2554 et
715 2482 810 2579 pratia
829 2480 1065 2578 respondeant,
1087 2491 1125 2552 ut
1141 2498 1222 2554 ere-

136 2588 198 2657 hro
220 2583 432 2658 conserantur
452 2581 635 2680 pugnantia
655 2591 949 2680 tonrparenturqne
970 2585 1156 2655 contraria:
1183 2593 1222 2657 et

136 2697 174 2758 nt
190 2685 315 2784 pariter
332 2695 478 2757 extrema
495 2688 711 2758 terminentur
727 2685 929 2786 eundemque
946 2685 1093 2757 reserant
1108 2687 1142 2758 io
1156 2709 1223 2757 ca-

138 2790 247 2862 dendo
265 2813 402 2870 sonum.
426 2813 509 2884 qnae
526 2791 562 2860 in
579 2789 716 2860 veritate
736 2811 914 2862 eausarmn
932 2795 966 2858 et
985 2789 1092 2859 rarius
1113 2789 1240 2862 multox

135 2893 276 2965 iocirnns
298 2899 441 2964 atcerte
463 2891 664 2963 oeeultius.
688 2889 732 2962 In
744 2889 1000 3000 Panathenaico
1014 2897 1123 2961 eutem
1138 2889 1223 2962 Iso-

137 3003 245 3066 crates
266 3021 308 3066 ea
329 2994 436 3066 studio
458 3018 494 3065 se
516 3001 741 3067 eurisectaturn
757 2994 893 3082 latetnc3
915 3016 983 3063 non
995 2981 1087 3064 enirn
1104 2991 1173 3063 ad
1162 3017 1223 3064 m-

138 3097 297 3178 diciorum
319 3097 501 3187 certamen,
523 3095 582 3169 sed
603 3097 645 3167 ad
663 3087 864 3192 voluptatem
881 3094 1009 3166 aurium
1026 3095 1222 3191 sumpserat.

91 3198 237 3270 39Haee
257 3208 418 3272 tractasse
439 3197 723 3294 Thrasymachum
745 3195 1003 3272 Chalcedoniurn
1023 3197 1163 3292 priorum
1183 3205 1224 3270 et

105 3299 341 3374 'Leontinum
362 3301 473 3372 serunt
490 3298 666 3396 Gorgiam,
689 3299 902 3392 Theodorum
923 3299 999 3371 inde
1020 3298 1223 3393 Byzantium

127 3404 322 3497 multosque
339 3403 438 3494 alios,
457 3427 538 3498 quos
556 3397 833 3494 ιογοδαιιιιιιοιις
851 3393 1023 3498 appellat
1013 3427 1049 3472 m
1063 3399 1235 3516 Phaedro=

139 3502 319 3578 Socrates:
345 3529 484 3601 quorum
504 3505 585 3576 satis
607 3515 725 3600 arguta
745 3504 864 3595 malta,
891 3503 949 3575 sed
970 3511 1008 3574 ut
1028 3502 1124 3574 modo
1144 3501 1224 3599 pri·-

138 3631 291 3702 mumque
312 3608 483 3680 nascentia
503 3607 629 3678 minuta
650 3614 683 3678 et
707 3603 1090 3682 uersiculorumsimilia
1114 3627 1246 3700 ‹putee-x

140 3708 215 3779 dam
249 3709 447 3805 rrinriumqoe
481 3708 622 3804 depicta.
674 3708 749 3798 Quo
783 3708 888 3802 inagis
922 3715 999 3780 suunt
1027 3707 1222 3784 Herodotus

64 3805 70 3822 ⁸
139 3809 415 3905 Thucydidesque
445 3811 633 3882 mirabiles:
664 3818 918 3906 quorum-aetas
944 3833 1026 3881 cumi
1043 3810 1079 3880 in
1104 3803 1222 3882 eorum

139 3922 288 4010 tempera
300 3937 381 4008 quos
399 3913 564 3984 nominari
581 3911 763 4002 incidisset,
779 3911 970 4006 longissime
988 3920 1098 3982 ιιιιιιιι
1113 3910 1179 4006 ipsi
1196 3935 1223 3981 ιι

139 4015 262 4086 talihus
284 4014 412 4086 deliciis
432 4015 485 4096 rel
506 4015 615 4132 potius
639 4013 773 4110 ineptiis
798 4012 994 4103 ahiuemnt3
1021 4013 1106 4083 alter
1130 4012 1223 4084 enirn
1305 4009 1308 4016 ’

140 4116 213 4188 sine
234 4117 312 4188 ullis
333 4117 472 4188 salebris
495 4117 589 4212 qnasi
610 4117 742 4188 sedatus
759 4117 864 4188 amnis
881 4116 969 4207 fluit,
992 4114 1077 4186 alter
1096 4114 1222 4186 incita-

140 4219 206 4290 tior
225 4219 330 4290 sertum
351 4227 383 4292 et
405 4219 445 4290 cle
468 4218 597 4290 bellicis
618 4220 717 4291 rehos
742 4218 833 4290 canit
857 4217 956 4289 etiarn
982 4215 1221 4312 quodammodo

138 4314 312 4393 hehicuor.
334 4321 513 4419 primisque
529 4322 571 4393 ah
588 4321 639 4407 his
660 4321 715 4414 (ut
732 4321 779 4393 ait
795 4315 1063 4416 Theophrastus)
1082 4317 1223 4390 historia
