2746 4994
223 485 295 548 sun
364 455 646 535 'couunuranu
664 481 703 533 nu
722 479 914 534 crosnoms
933 479 1144 534 onaronuu.

310 675 446 714 uumerus
464 689 503 700 -
522 672 712 714 numerosum.
741 665 828 712 etwas
848 651 971 712 anderes
987 655 1026 722 ist
1043 652 1096 713 der
1112 653 1194 726 vers,
1213 665 1282 713 etwas

225 740 348 834 ¹anderes
366 739 419 800 der
435 740 601 819 prosaisehe
619 738 771 798 Numerus.

192 866 194 876 ’
305 859 336 936 '§.
356 860 427 919 205.
459 859 627 937 particulas
653 860 793 917 incidere.
820 860 840 916 i.
859 877 886 916 e.
913 858 1040 918 membra
1065 856 1187 937 periodi.
1212 860 1247 916 sio
1262 868 1283 915 et
1336 853 1337 906 l

226 965 292 1004 mox
309 945 335 1021 §.
354 946 425 1003 206.
445 945 537 1022 deque
556 963 654 1002 eorum
672 945 691 1000 i.
712 963 737 1002 e.
756 941 938 1022 periodorum
953 945 1122 1022 particulis.
1149 941 1215 1000 Ena.

312 1031 470 1107 quibusque
484 1029 631 1107 partibus.
651 1048 691 1088 sc.
710 1027 859 1087 breviores
878 1024 926 1086 aiut
945 1029 1108 1106 longiores,
1132 1048 1177 1086 nm
1193 1027 1281 1086 welche
1336 1051 1337 1056 ¹

225 1115 313 1174 llitsse
332 1115 433 1191 linger
451 1112 523 1174 oder
540 1114 653 1171 kitrzer.
690 1113 790 1172 Partes
809 1115 882 1172 enim
902 1112 971 1172 dicit
989 1111 1106 1192 peluso

307 1199 479 1278 pluribusne
514 1218 553 1258 an
587 1201 721 1278 singulus.
758 1217 799 1257 se.
829 1197 948 1278 pedibus
979 1197 1114 1257 utendum
1145 1199 1188 1256 sit.
1217 1219 1239 1255 v.
1263 1215 1281 1254 c.

226 1287 277 1356 67,
297 1287 369 1344 224.
408 1343 416 1356 ,

311 1369 470 1448 imparibus
488 1389 526 1428 nn
549 1361 729 1447 aequalitas
758 1389 798 1428 se.
823 1368 955 1447 pedibus,
983 1380 1015 1428 ut
1040 1388 1078 1428 ex
1104 1388 1235 1447 responso
1256 1365 1282 1424 al

122 1495 151 1520 s,
224 1457 275 1516 has
294 1456 475 1535 quaestiones
493 1465 581 1534 patet,
601 1453 676 1532 quod
695 1465 775 1513 extat
793 1473 818 1512 c.
843 1455 898 1528 67,
921 1457 993 1513 224.
1016 1473 1083 1513 narn
1103 1457 1134 1513 in
1153 1457 1189 1512 iis
1206 1460 1282 1524 (men-

225 1542 285 1602 bris
313 1551 343 1599 et
368 1541 493 1610 incisis),
521 1540 637 1617 quibus,
664 1549 699 1598 ut
718 1541 921 1616 pugiunculis,
949 1543 996 1599 uti
1020 1550 1151 1617 oportet,
1180 1539 1282 1601 breuibus

166 1681 170 1688 .
217 1626 382 1704 sucit'r'psa
400 1625 555 1684 liberiores
568 1627 670 1702 pedes.
707 1626 802 1702 Saepe
821 1627 896 1683 enine
913 1627 1038 1702 siugulis
1059 1623 1201 1702 (pedibus)
1219 1633 1282 1682 uten-

226 1714 292 1770 dum
311 1721 367 1781 est,
382 1711 555 1788 plerunque
575 1710 663 1780 banus,
684 1719 716 1768 et
731 1712 861 1787 uncisque
882 1711 911 1781 (i.
932 1729 959 1768 e.
983 1721 1012 1768 et
1034 1711 1154 1787 singulis
1173 1719 1201 1768 et
1216 1708 1280 1778 liniet

226 1799 300 1856 addi
309 1798 397 1874 pedr's
409 1814 485 1874 pars
504 1795 636 1872 (syllaba)
658 1804 775 1871 potest,-
799 1815 857 1854 non
871 1793 946 1872 sere
970 1797 1061 1854 ternis
1081 1793 1223 1874 (pedihus)
1239 1812 1281 1850 au-

146 1875 148 1880 ’
220 1884 311 1960 plens.
355 1881 480 1938 Ablativi
507 1880 595 1955 igitur
618 1879 790 1956 pluribusne
813 1899 851 1938 an
876 1881 1003 1958 singulis
1026 1890 1056 1938 et
1086 1880 1238 1958 imparibus
1255 1896 1280 1934 an

226 1966 399 2044 aequalibus
425 1963 551 2042 pendent
577 1984 594 2022 a
619 1963 723 2032 verbo,
752 1963 827 2041 quod
855 1967 997 2043 sequitur:
1034 1968 1075 2024 sit
1101 1966 1241 2032 utendum,
1261 1970 1282 2018 et

225 2049 346 2130 proinde
366 2047 511 2107 distinctio
531 2047 708 2108 emendanda
726 2049 796 2120 tuit,
822 2069 893 2128 quae
912 2050 997 2127 vulgo
1020 2051 1061 2108 sic
1084 2050 1187 2108 habet:
1205 2047 1280 2127 pluri·

226 2136 316 2194 busne
334 2153 372 2193 an
395 2136 536 2212 singub's5
562 2135 721 2212 inparibus
739 2154 777 2194 uu
797 2135 984 2212 aequalibus,
1009 2145 1041 2193 et
1056 2137 1173 2212 quando
1192 2143 1239 2192 aut
1249 2132 1281 2187 lis

226 2221 365 2282 acautis
391 2221 433 2280 sit
456 2221 602 2280 utendum.
640 2218 671 2284 Si
699 2220 760 2298 quis
789 2231 883 2278 tamen
912 2221 996 2278 etiam
1010 2219 1119 2300 ¹verba
1149 2219 1281 2298 quibusque

221 2306 359 2382 partibus
377 2303 414 2363 ad
434 2305 551 2364 verbum
578 2307 715 2366 utendum
741 2307 783 2363 sit
806 2305 921 2364 trahere
951 2305 1032 2376 velit,
1062 2305 1132 2363 nihil
1159 2302 1279 2362 adversor.

164 2427 165 2434 κ
224 2391 293 2462 'lum
312 2391 353 2450 sic
371 2389 629 2469 interpungendum
649 2401 708 2450 est:
739 2391 826 2468 idque
849 2392 963 2467 quaudo
988 2400 1042 2448 aut
1056 2410 1128 2464 cur,⁴
1149 2389 1280 2470 quibusque

175 2533 179 2552 ,
222 2477 373 2553 partibus,
389 2476 563 2552 pluribusne
582 2486 637 2533 etc.
658 2486 714 2533 ete.
1154 2475 1158 2486 ’

310 2563 340 2618 in
360 2580 393 2617 eo
410 2580 532 2637 genere.
551 2560 605 2618 hoc
625 2571 681 2631 est,
701 2561 729 2618 in
748 2559 867 2639 pedibus
885 2562 961 2619 inter
979 2579 1011 2620 se
1031 2555 1213 2620 collocandis.

310 2679 336 2755 ἕ.
356 2680 427 2738 206.
445 2677 550 2756 sorana
567 2679 730 2738 uerborum.
745 2680 763 2738 i.
775 2699 802 2738 e.
817 2681 1009 2751 concinnitas,
1028 2691 1059 2738 ut
1072 2691 1154 2758 patet
1169 2699 1203 2738 ex
1215 2673 1279 2740 abi,

226 2765 297 2824 219.
325 2766 411 2836 220.,
444 2764 491 2822 ubi
518 2776 663 2843 postquam
693 2766 928 2843 compositionem
957 2777 987 2824 et
1014 2767 1229 2824 concinnitatem
1249 2757 1279 2816 dl·

226 2849 337 2928 elinxit,
368 2861 397 2908 et
422 2851 514 2929 primo
541 2851 652 2909 locutus
682 2861 726 2909 est
749 2849 785 2910 de
808 2851 1030 2929 compositione,
1060 2849 1165 2910 deinde
1192 2844 1277 2928 pergil:

216 2932 340 3012 formae
357 2955 426 2994 uero
447 2937 588 3014 quaedam
605 2945 678 2994 sunt
693 2939 851 3007 orationis,
880 2938 910 2994 in
934 2936 1037 3013 quibus
1063 2955 1099 2994 eu
1123 2932 1280 2995 cenctnnitas

225 3023 310 3092 inest,
329 3031 362 3080 ut
377 3031 518 3099 sequatur
535 3041 670 3080 numerus
687 3024 865 3080 necessario.
900 3021 938 3079 Et
955 3021 1021 3079 hinc
1040 3031 1188 3080 enumerat
1200 3018 1280 3094 figurat

200 3105 341 3178 isocoli,
365 3107 510 3176 antitheti,
538 3107 778 3166 homoeoteleuti:
808 3117 838 3164 et
863 3117 942 3184 patet
964 3126 1002 3165 ex
1023 3108 1173 3186 proximis,
1198 3103 1239 3162 uti
1256 3095 1280 3154 tlt

224 3192 372 3270 particulis
398 3189 579 3271 periodorum
608 3192 745 3270 loquitur,
773 3203 802 3253 et
824 3190 1001 3268 longitudine
1030 3211 1126 3252 earum
1154 3183 1281 3270 particula·

224 3296 299 3348 rum,
323 3275 398 3336 unde
416 3278 600 3354 ¹concinnitas
622 3276 738 3356 pendet.
775 3276 825 3336 llis
847 3275 920 3335 adde
943 3275 979 3335 de
1004 3275 1081 3336 Orat.
1106 3279 1140 3348 3,
1159 3276 1210 3345 43,
1227 3268 1279 3330 ill·

115 3371 125 3390 “
225 3381 409 3437 continuatio
444 3379 599 3438 uerborum
622 3417 661 3425 —
685 3381 908 3438 collocationem
938 3381 1074 3457 primunt,
1111 3377 1212 3438 deinde
1237 3389 1280 3430 uu·

227 3465 292 3522 dum
320 3465 462 3540 quendam
479 3462 668 3542 formamque
694 3467 847 3524 dest'dcrat
870 3465 888 3524 i.
913 3483 939 3525 e.
968 3462 1080 3524 fordert
1108 3460 1219 3524 erstliclt
1236 3455 1280 3514 Aa·

227 3545 358 3624 ordnung
376 3544 428 3606 der
441 3547 531 3619 liede,
552 3548 626 3606 dana
645 3549 709 3608 eine
725 3551 846 3626 gemisse
859 3547 1041 3627 Alimessung
1056 3547 1108 3608 der
1123 3538 1280 3623 Satnglielet

225 3630 283 3690 und
305 3633 369 3696 eine
397 3634 517 3712 gewisse
544 3634 751 3712 regelmttssige
775 3633 944 3713 Gestaltung
970 3633 1022 3694 der
1044 3633 1134 3694 Rode.
1174 3628 1279 3703 Deniqtt

225 3715 322 3782 forma
346 3717 389 3776 his
414 3718 522 3778 dnobus
546 3719 617 3780 locis
642 3729 686 3778 est
703 3718 792 3790 idern,
816 3718 892 3799 quod
910 3740 936 3778 c.
954 3721 1005 3792 49,
1027 3721 1097 3778 164.
1116 3730 1146 3778 et
1163 3719 1208 3786 54,
1218 3709 1279 3769 181·

227 3804 297 3862 182.
318 3801 387 3862 dicit
407 3807 501 3882 genus
523 3803 686 3878 uerborum.
722 3803 885 3883 Eademque
908 3805 956 3864 illa
978 3825 1051 3864 voce
1066 3803 1184 3880 somnae
1204 3809 1279 3858 rursu

226 3889 315 3950 utitur
333 3887 369 3948 de
389 3887 465 3950 Orat.
485 3891 514 3961 3,
533 3895 584 3962 44,
605 3891 675 3952 173.
699 3891 776 3950 bane
794 3892 979 3976 diligentiam
1000 3891 1182 3968 subsequitur
1201 3880 1279 3942 maius

227 3976 314 4032 etium
333 3970 476 4051 etsornau
493 3975 659 4046 uerborum,
684 3985 714 4034 et
731 3975 814 4053 paulo
833 3975 952 4034 inferius
970 3975 999 4033 in
1019 3973 1117 4036 eadem
1140 3973 1164 4049 ᾗ.
1183 3963 1278 4028 eunden

226 4075 285 4145 rem
306 4057 374 4116 dicit
392 4059 545 4118 uerborum
564 4069 595 4116 et
609 4063 820 4119 sententiarum
837 4063 920 4118 modo
935 4063 1136 4138 interpunctas
1147 4049 1278 4116 cinnatu,

227 4151 256 4200 et
273 4145 356 4221 paulo
376 4154 441 4223 post
458 4145 484 4220 ξ.
499 4144 570 4202 174.
589 4146 682 4222 poetis
696 4156 726 4203 et
740 4145 857 4204 inusicis
875 4144 975 4203 tribuit
991 4145 1142 4204 uerborum
1156 4147 1278 4199 autunum

227 4237 257 4284 et
277 4249 377 4288 uocum
399 4231 522 4296 modum.
557 4227 687 4307 Denique
716 4230 818 4290 eodem
840 4231 906 4290 loco
928 4241 1073 4310 postremo
1096 4230 1121 4306 ξ.
1145 4224 1210 4287 176.
1230 4225 1276 4276 est:

226 4330 293 4374 narn
319 4333 381 4373 eum
407 4315 505 4376 uincit
529 4315 622 4374 modas
647 4325 679 4374 et
693 4312 797 4390 forna
826 4325 963 4392 (orator),
991 4317 1114 4378 relucet
1137 4321 1166 4373 et
1189 4304 1277 4367 liberal
