2678 4974
488 501 725 582 maxum.
783 445 786 451 ⁴
1076 497 1143 566 ιιιι

144 681 343 757 scriptionum.
368 675 399 736 Si
417 676 548 756 vulgatus
568 674 640 736 ordo
658 685 795 748 servatur,
807 675 869 736 ista
887 693 943 738 rur
960 674 1042 736 nimis
1059 674 1142 737 inde·

70 763 165 822 linitam
184 765 329 822 notionem
349 763 449 834 babet,
477 783 558 842 quam
575 773 606 821 ut
623 763 692 822 satis
709 763 913 844 perspiciatur,
933 763 1015 842 quade
1033 763 1142 866 ingenii

69 869 175 928 opernm
200 867 352 927 genus
309 851 354 906 siv
336 849 463 907 vuilicet.
506 845 601 926 Atque
624 847 748 906 (lrellins
770 845 881 926 quidem
904 859 992 926 negat
1008 847 1142 928 scriptio·

68 953 113 994 ncs
129 935 213 993 aliter
231 935 369 1022 explicari
387 953 481 1013 posse,
501 951 664 1036 quomrum
684 932 825 992 Strebaeo
844 943 874 991 et
884 933 1020 992 Sabutum
1035 933 1143 1014 scripta

6 1043 8 1072 z
67 1019 268 1098 philosophica,
300 1039 342 1078 se.
353 1003 547 1100 ἐξωιιρικά,
551 1029 653 1078 ornatu
672 1018 798 1077 oratorio
817 1017 968 1089 laureata,
988 1019 1083 1098 qualia
1099 1029 1143 1078 ta-

67 1124 123 1164 men
142 1104 246 1164 Cicero
266 1123 400 1183 nusquam
419 1105 626 1183 praeceptione
645 1123 696 1162 sua
702 1104 858 1183 amplexus
876 1113 922 1162 est
934 1104 994 1177 ¹⁴).
1015 1103 1094 1163 llcc
1086 1125 1151 1183 igr-1

66 1200 106 1248 tur
131 1209 242 1269 quoque
267 1199 464 1268 argumentum
492 1199 536 1248 est
560 1190 641 1248 vocis
667 1187 909 1268 transponendae,
940 1197 972 1249 ut
997 1191 1142 1249 orationes

67 1276 192 1354 scriptae,
212 1295 269 1334 non
287 1275 411 1346 habitae,
431 1276 604 1352 cogitentur.

144 1362 261 1440 qualem
276 1362 424 1420 isocrates
431 1357 522 1440 scoot
545 1357 599 1433 Qui
617 1367 698 1419 ants
695 1357 858 1418 Isocratem
875 1357 1022 1419 rhetorica
1035 1369 1143 1420 tracta-

67 1456 136 1517 mnt,
160 1445 270 1516 Corax,
287 1445 393 1517 Tisias,
414 1443 549 1523 Gorgias,
569 1443 754 1546 Protagoras,
774 1453 929 1524 ceteraque
949 1442 1143 1524 sophistarum

67 1529 155 1602 turba,
184 1549 291 1590 summa
315 1531 360 1589 isti
384 1530 496 1610 quidem
516 1531 652 1589 acutioris
670 1528 779 1607 ingenii
797 1531 982 1589 contentione
1000 1531 1029 1588 ln
1047 1549 1143 1590 rerum

67 1615 208 1674 illustrium
230 1613 482 1694 disputationibus,
511 1635 583 1694 quae
607 1635 681 1674 nunc
700 1633 862 1674 communes
880 1616 1057 1695 appellantur
1074 1616 1142 1686 loci,

67 1701 259 1772 versabantur,
287 1700 362 1759 uude
395 1702 561 1780 pestiferum
593 1699 732 1782 quoddam
764 1702 796 1758 in'
821 1699 988 1760 candidiora
1013 1701 1143 1760 veritatis

68 1785 205 1845 eruendas
224 1785 318 1846 studia
335 1785 533 1865 philosophica
552 1784 670 1845 dellux'rt
688 1784 814 1844 damnum
820 1830 829 1858 ,
852 1787 957 1845 utilitas
975 1787 1038 1851 iere
1057 1785 1141 1845 nidla.

67 1869 138 1930 Ecca
155 1872 208 1930 tibi
227 1881 344 1930 exortus
363 1883 407 1932 est
424 1871 577 1944 lsocrates,
597 1872 643 1950 qui
661 1872 754 1930 missis
772 1872 852 1930 vanis
870 1872 925 1931 illis
944 1881 974 1930 et
991 1870 1027 1930 ad
1046 1881 1145 1930 osten·

67 1957 197 2016 tationem
225 1957 315 2015 solum
343 1957 513 2036 comparatis
540 1955 777 2036 disputationibus
799 1957 918 2015 transiit
933 1953 970 2015 ad
992 1975 1082 2034 genus
1101 1955 1145 2015 dr

69 2042 144 2100 cendi
163 2043 281 2100 forense
301 2051 331 2100 ct
349 2041 574 2112 deliberativum,
621 2061 675 2100 iam
692 2061 753 2102 rem
772 2041 846 2100 bene
864 2043 1014 2100 illustrauit
1023 2041 1142 2146 Dionys

69 2125 150 2186 llalic.
176 2127 212 2187 de
236 2127 326 2204 lsocr.
345 2127 431 2186 ludlc.
451 2147 477 2185 c.
496 2129 525 2185 1.
543 2147 572 2206 p.
566 2061 667 2199 das,
695 2129 723 2186 3.
744 2126 789 2186 ed.
809 2125 922 2186 lleisln:
919 2120 1152 2209 upoiroctpc'o‘

68 2235 142 2292 pqoru
166 2211 383 2292 (lsocrates)'
367 2209 426 2273 αιιὸ
449 2209 506 2272 otio
527 2210 689 2314 ἐριστικῶν
692 2233 723 2272 ιι
740 2213 789 2272 καὶ
806 2199 932 2318 φυσικῶν
949 2215 995 2272 dol
1012 2210 1078 2286 τοὺς
1094 2235 1144 2273 uo-

68 2295 190 2370 λιιικοις,
207 2299 257 2358 καὶ
275 2301 337 2379 usqi
354 2293 459 2376 ταύτην
476 2291 689 2370 σπουδάζων
660 2300 1044 2400 uquimooqpq‘odsesdlsoeo·
1048 2287 1144 2398 ιἑξῆς,

68 2405 102 2455 ιις
125 2405 210 2463 φησιν
231 2380 331 2456 αὐτὸς,
357 2379 391 2444 od
412 2376 604 2480 {decisionum
625 2383 674 2442 και
694 2383 782 2463 λέγειν
804 2384 853 2442 καὶ
874 2377 1007 2486 ιιράιιαν
1022 2378 1060 2443 ιὰ
1077 2405 1150 2480 orip-⁴

69 2473 184 2570 qicquam
200 2472 384 2572 campagiorum
400 2480 460 2540 τοῖς
475 2466 629 2547 μαθοῦσιν.
648 2471 870 2546 ἐπιφανέστατος
886 2467 918 2528 di
935 2463 1145 2548 γινόμενοςιῶν

69 2551 136 2614 κατὰ
156 2551 207 2615 ι’ὀν
227 2551 316 2614 αὐτὸν
333 2548 524 2656 ἀκμασάντων
557 2548 640 2635 ρόνον
657 2555 706 2614 καὶ
722 2549 788 2626 τοὺς
790 2573 877 2656 κραι
877 2556 971 2626 ίσιους
987 2553 1042 2615 τῶν
1056 2548 1145 2634 Ἀθή-

67 2643 127 2716 opcl
146 2661 177 2700 ιι
202 2641 251 2700 καὶ
273 2644 301 2699 ἐν
324 2638 356 2718 τῇ
379 2627 477 2719 ἄλλῃ
470 2577 585 2700 euulsa
607 2643 676 2700 ιὲαν
696 2634 852 2712 παιδεύσας
873 2649 930 2698 etc.
953 2639 1084 2698 Μιιιιιιιι.
1108 2639 1144 2700 de

68 2724 217 2784 Theodect.
247 2745 275 2802 p.
303 2727 353 2783 ll.
381 2745 422 2804 sq.
451 2725 594 2784 leocrates
616 2725 692 2784 iuter
713 2726 868 2803 sophistas,
897 2725 943 2804 qui
963 2727 1144 2804 eloquentiae
1236 2751 1237 2754 ¹

70 2829 178 2888 operam
201 2809 319 2882 dabant,
348 2829 463 2870 novum
473 2811 552 2890 quasi
576 2829 702 2889 campum
720 2813 841 2888 aparuit.
860 2810 980 2910 lliqnys.
1000 2809 1088 2869 ludio.
1108 2809 1144 2870 do

69 2894 151 2954 lsccr.
176 2899 204 2954 1.
228 2895 356 2974 pite,
383 2899 413 2955 1.
436 2894 679 2977 πεφυρημένηιδὲ
695 2891 916 2998 παραλαβὼν
887 2917 938 2974 την
955 2884 1096 2991 ἄσκησιν
1089 2894 1146 2957 ιῶν

69 2973 190 3060 iipeo‘
176 2975 237 3041 υιιὸ·
248 2979 313 3041 τῶν
339 2981 403 3062 ιιιρὶ
429 2983 552 3062 Γοργίαν
577 2981 626 3041 καὶ
652 2977 850 3062 Πρωταγόραν
871 2977 1012 3058 σοφιστῶν
1033 2978 1146 3078 ιιρῷτος

69 3061 198 3147 ἐχώρησεν
217 3075 273 3124 etc.
318 3065 383 3144 Ipse
403 3065 575 3144 Protagoras
594 3065 667 3144 apud
686 3065 858 3124 Platonem
849 3085 878 3122 ιιι
897 3063 1025 3142 dialogo,
1044 3065 1090 3142 qui
1109 3065 1144 3124 ab

70 3150 126 3228 ipso
147 3151 326 3221 inscribitur,
355 3171 382 3230 p.
402 3153 473 3210 318.
492 3149 526 3208 Ε.
547 3149 628 3223 (Vol.
647 3152 676 3208 2.
695 3171 722 3252 p
743 3151 813 3208 151.
832 3149 957 3208 Taucbn.
963 3157 973 3220 )
994 3149 1035 3208 sic
1053 3151 1145 3228 loqui·
1175 3165 1180 3176 ‘

70 3243 124 3294 tur:
143 3233 226 3340 rqdl
217 3229 370 3335 μάθημα
391 3236 568 3308 (rhetorum)
588 3237 661 3296 ἐστὶν
679 3216 816 3316 εὐβουλία
829 3237 939 3317 περίτι
956 3233 1012 3296 calu
1029 3237 1145 3309 οἰκείων,

70 3313 139 3394 ὅπως
156 3315 192 3382 ib
209 3311 313 3424 ἄριστα
328 3317 379 3400 τὴν
397 3318 487 3382 αὑτοῦ
504 3323 595 3382 οἰκίαν
612 3323 725 3395 sucinos,
744 3322 792 3380 uel
810 3322 873 3424 περὶ
890 3318 945 3380 τῶν
961 3319 1009 3398 τῆς
1025 3315 1146 3394 πόλεως,
1161 3337 1163 3342 ·

69 3395 140 3478 ὅπως
155 3403 194 3468 ιὰ
210 3406 259 3486 τῆς
276 3399 386 3479 πόλεως
402 3399 634 3478 διναιώιαιος”
616 3429 651 3466 ιν
669 3405 710 3486 ειη
719 3409 768 3466 καὶ
776 3427 909 3488 ιιριιιιιιν
922 3425 970 3466 και
961 3407 1071 3486 λέγειν
1084 3409 1146 3480 ¹³).
1168 3473 1171 3480 q

70 3487 128 3567 lpse
154 3493 243 3571 igitur
264 3490 437 3570 Protagoras
460 3491 647 3572 profitebatur
668 3510 711 3550 se
722 3493 831 3550 versari
853 3493 881 3550 in
905 3491 990 3550 rebus
1013 3493 1145 3564 civitatis,

70 3575 130 3635 item
148 3581 179 3636 ut
197 3577 350 3650 Isocrates,
370 3577 421 3638 sed
441 3588 641 3658 contraquam
659 3575 813 3658 Dionysius
832 3577 1044 3636 llal.testatur.
1073 3575 1146 3636 Gor-
1239 3616 1242 3624 ·

69 3717 271 3732 5*-

67 3811 149 3868 pluret
169 3809 262 3866 omaio'
278 3815 331 3862 disi
351 3816 486 3864 Isocrateo
512 3816 734 3878 Theopompeoque
754 3830 825 3868 more
846 3815 894 3862 silo
910 3815 1148 3878 mrcumtmptim

71 3881 221 3946 cautoque,
239 3889 270 3930 ut
288 3890 412 3946 tunquam
429 3886 456 3932 ios
474 3885 534 3940 urhe
550 3887 652 3932 inclusa
669 3891 764 3944 currat
780 3886 876 3944 oratio,
895 3883 981 3945 quood
996 3887 1104 3934 ὑιιιίιιι
1119 3887 1146 3934 in

70 3947 167 4010 cingam
180 3953 309 4014 perfertis
327 3951 501 4012 absolutisque
518 3955 661 4000 sententiis.

135 4017 175 4079 ¹⁴)
193 4019 249 4066 Nisi
267 4019 323 4078 quir
342 4020 408 4066 rorte
425 4019 476 4066 huc
493 4019 596 4069 trahere
614 4019 676 4066 velit
694 4033 716 4067 c.
734 4021 778 4079 19,
798 4021 830 4066 61
844 4045 878 4053 -
892 4023 944 4082 65.,
962 4019 1146 4068 ubieu'ctords

71 4087 193 4136 umbratili
219 4087 430 4147 philosophorum
456 4089 574 4135 oratione
599 4089 713 4147 loquitur
734 4093 761 4135 et
782 4087 813 4134 de
835 4087 938 4148 scriptis
964 4088 1147 4148 philosophicis

59 4149 246 4216 ‘Theophrastum
263 4155 423 4214 Aristotelis,
440 4155 568 4216 Platonis,
586 4156 773 4216 Xenophontio.
807 4157 861 4206 Nec
879 4161 965 4204 tamen
983 4157 1079 4204 idcirco
1098 4169 1147 4238 pu·
1215 4195 1219 4210 ,

72 4219 167 4268 laverim
187 4228 239 4270 tam
257 4223 391 4284 praeclara
408 4228 541 4271 tantorum
559 4223 670 4272 virorum
683 4238 761 4292 opera
778 4239 848 4274 mero
862 4225 1030 4322 scriptionum
1043 4224 1147 4275 nominc

72 4288 150 4336 satir'
144 4291 191 4338 insi
209 4291 267 4346 ursi.

137 4306 297 4421 Ι1)1ζ)ι1ιιι
317 4359 477 4420 professione
494 4359 625 4408 rhetorum
643 4360 691 4426 old.
701 4361 842 4408 Stallbaum
857 4375 881 4422 p.
891 4363 932 4406 st.
947 4361 1000 4407 (t.

873 4439 929 4504 11·
