2678 4974
187 469 255 530 {254
346 465 604 518 cotttttto‘rttttt
628 463 666 518 lN
689 463 881 518 ctcttttoxts
900 465 1112 518 ORATOREll.

185 651 230 699 tus
252 637 363 698 indices
385 657 530 708 sensuum,
558 638 723 709 affectuum,
751 639 958 716 cogitationum
980 639 1190 710 etvolnntotis,
1218 636 1263 697 sed
1332 681 1333 684 ,

187 727 271 788 etium
299 734 390 782 motus
413 723 511 784 horuru
533 722 702 787 indiciorum
722 735 861 803 expertes
884 724 1035 803 significat.
1088 724 1156 784 liius
1177 735 1265 782 autern
1332 787 1333 798 q

89 829 117 874 ⁴.
187 811 276 890 partis
298 809 478 888 eloquentiae
503 810 649 888 corporis,
677 829 750 888 quae
772 829 844 870 voce
862 809 959 870 Miene
978 809 1152 889 explicatur,
1179 808 1266 888 dupli·

188 916 250 956 cern
270 895 357 954 latina
377 895 472 974 lingere
491 893 749 972 denominationem
769 893 869 953 hibet:
890 915 923 954 es
941 905 971 954 ct
988 897 1106 954 uultum.
1148 895 1264 968 Quorum
1332 963 1333 980 q

187 979 257 1044 illud
275 979 417 1056 significat
435 979 493 1038 oris
512 990 542 1040 et
558 980 670 1038 vicinae
689 981 817 1058 regionis
837 981 1041 1060 eloquentiam,
1069 979 1159 1060 vultus
1178 990 1264 1048 autent
1332 983 1333 1052 ξ

94 1077 98 1086 ’
189 1066 335 1126 oculorum
355 1074 515 1136 eteorum,
539 1085 611 1143 quae
631 1066 710 1124 circa
728 1066 827 1124 oculos
847 1075 920 1124 suot.
963 1065 1078 1124 Vultum
1097 1061 1231 1124 Doederl.
1249 1063 1266 1122 l.
1332 1125 1333 1138 q

188 1171 215 1210 e.
238 1150 304 1222 Vol.
326 1154 357 1210 4.
379 1170 407 1228 p.
425 1151 498 1209 320.
518 1151 660 1210 existimat
676 1169 694 1210 u
711 1149 852 1229 volvendo
872 1149 991 1220 dictum,
1019 1161 1049 1208 et
1066 1150 1194 1230 primitus
1212 1171 1267 1208 nro-
1331 1195 1333 1230 ,

188 1236 323 1294 ltilitatcro
347 1235 493 1294 oculorum
516 1245 546 1294 et
568 1236 690 1294 tortasse
713 1227 798 1294 etiam
817 1235 997 1313 supercilium
1019 1233 1086 1307 (das
1104 1233 1201 1294 Fulteo
1220 1233 1267 1292 der
1318 1251 1333 1310 ’ἵ

189 1321 283 1394 Stirn)
307 1320 494 1398 significasse.
537 1319 581 1378 De
604 1331 688 1398 gestu
711 1319 776 1380 datu
802 1339 889 1398 opera
912 1321 1087 1399 seripserunt
1109 1319 1142 1378 t.
1167 1320 1267 1378 Plotius
1331 1371 1333 1388 .

189 1406 284 1466 Gallus
312 1417 341 1464 et
367 1404 513 1482 Nigidius,
543 1406 590 1484 qui
616 1405 650 1463 L.
679 1404 775 1464 Crassi
803 1407 926 1464 oratoris
953 1416 1048 1464 aetate
1072 1405 1221 1464 lloreltunt.
1244 1426 1266 1462 r.
1332 1479 1333 1482 Ἴ

190 1492 305 1566 Quintil.
330 1493 379 1557 ll,
404 1491 437 1561 3,
466 1491 527 1548 143
551 1490 616 1548 οοΙΙ.
640 1491 673 1562 2,
700 1495 735 1562 4,
753 1492 815 1562 42,
835 1489 882 1548 uhi
900 1510 926 1548 v.
946 1489 1093 1574 Spalding.
1112 1489 1178 1549 Vol.
1197 1492 1225 1548 l.
1242 1511 1267 1570 p.
1332 1485 1333 1490 '

275 1661 449 1719 e'uuuludum.
472 1680 499 1718 v.
519 1657 655 1720 Doederl.
675 1659 723 1718 lat.
744 1660 853 1738 Syron.
872 1659 899 1717 V
901 1659 938 1717 ol.
956 1664 986 1718 4.
1006 1681 1033 1740 p.
1053 1661 1124 1718 264.

275 1746 301 1822 ξ.
321 1746 371 1804 56.
393 1745 470 1804 Nom
494 1756 526 1804 et
545 1743 684 1823 insontes.
716 1743 826 1804 Nonius
849 1765 875 1802 v.
899 1741 1015 1816 infers:
1043 1753 1160 1824 uum¹et
1177 1743 1267 1824 insuu-

192 1841 235 1890 tes
253 1832 380 1889 aetionis
396 1850 484 1908 euepe
493 1827 628 1906 fructum
648 1831 787 1889 tulerunt.
806 1829 882 1886 lllsr.

275 1916 493 1974 Demosthenen.
517 1915 594 1974 ldero
613 1913 717 1974 dictum
736 1937 762 1973 v.
783 1913 818 1972 dc
838 1914 915 1972 Orat.
934 1915 968 1985 3,
992 1915 1046 1985 56,
1067 1917 1138 1975 213.
1158 1915 1266 1989 Quintil.

191 2001 246 2072 11,
270 1999 304 2069 3,
327 2001 357 2058 6.
380 1997 432 2058 lut.
454 1998 567 2058 Victor.
590 2021 617 2080 p.
642 2003 713 2060 tlt.
731 2002 799 2059 duic
819 1997 958 2071 (actioni)
977 2019 1036 2058 non
1055 2002 1197 2060 immerite
1217 2005 1267 2059 Ile-

109 2083 111 2089 ’
191 2085 354 2144 rreoetheues
376 2104 414 2142 ec
432 2085 563 2144 amitibus
581 2089 710 2146 oratoris
727 2085 883 2146 ualentibus
895 2085 1010 2162 primus
1028 2087 1109 2144 dedit
1127 2095 1157 2145 et
1172 2105 1267 2146 sectur-

191 2171 245 2228 etas
263 2180 295 2228 et
310 2170 423 2230 tertias.
443 2167 485 2229 ln.

620 2321 705 2382 ors.
735 2287 842 2382 xuni.

267 2425 356 2506 fleca
373 2425 559 2484 miserabilis.
582 2423 622 2482 Ilr
639 2424 710 2483 wird
728 2427 778 2484 mit
796 2425 908 2482 starker
927 2423 1044 2484 Stimrne
1064 2423 1206 2496 drohcltd,
1226 2426 1268 2482 nit

192 2510 310 2587 rolliger
328 2511 413 2580 senil,
432 2511 482 2568 ruit
500 2509 656 2586 gaseoltter
674 2521 761 2580 erost,
782 2511 831 2566 orit
849 2509 976 2568 troicher
993 2511 1118 2588 ttugttch
1133 2511 1267 2588 spreeheu

191 2596 305 2654 wellen.
349 2595 459 2654 Vocem
488 2597 632 2654 inclinata
659 2614 743 2671 supra
771 2615 795 2654 c.
823 2597 856 2664 8,
884 2594 934 2652 27.
963 2613 1025 2652 cum
1053 2597 1183 2656 ululeutt'
1201 2613 1267 2652 roee

192 2681 313 2741 iunctam
338 2699 393 2738 non
417 2681 473 2738 olio
497 2697 581 2738 sensu
605 2681 717 2758 cepisse
739 2677 864 2748 uidetur,
894 2699 972 2757 quom
997 2679 1043 2737 hic
1066 2699 1165 2740 roceto
1175 2683 1268 2759 fleca.

191 2763 257 2822 Atto
281 2785 365 2824 sensu
389 2763 525 2824 videlieet
546 2785 602 2823 vox
625 2765 769 2824 decliuem
792 2765 933 2842 accipitur
955 2765 1014 2834 hic,
1042 2766 1169 2823 obicum
1187 2767 1293 2842 ffers*

191 2851 326 2928 iungitur,
345 2845 483 2930 siquidem
503 2869 558 2907 non
577 2849 671 2928 p0'0t
688 2849 830 2930 ululantis
839 2847 937 2907 eadem
958 2871 1012 2908 vor
1031 2869 1106 2920 esse,
1127 2869 1268 2929 quoegra·

190 2936 233 2994 vis
260 2936 390 2994 hominis.
414 2935 477 2993 Cic.
501 2933 536 2993 de
560 2933 638 2993 Orat.
661 2935 693 3005 3,
723 2933 777 3005 57,
796 2935 878 2992 ’216
901 2935 977 2993 Num
995 2955 1080 2994 uoces
1097 2945 1133 2993 ut
1147 2937 1268 2994 chordae

137 3057 138 3062 κ
189 3031 259 3079 nent
275 3023 416 3090 intentae,
437 3039 512 3099 quoe
531 3022 571 3079 ud
588 3039 726 3098 quemque
746 3030 853 3078 tectum
871 3021 1085 3098 resppndeuut:
1108 3029 1268 3097 aeutagru·

190 3109 247 3174 vri,
277 3110 336 3164 er'ta
355 3107 456 3176 tarde,
479 3123 588 3183 magne
601 3124 716 3183 perue3
746 3120 818 3182 ques
836 3114 932 3164 tamen
950 3108 1035 3163 οόιῑονΔ
1047 3123 1145 3163 omues
1163 3115 1209 3163 est
1221 3123 1267 3163 stro

191 3209 323 3268 quaeque
341 3194 371 3248 in
388 3209 501 3268 genere
518 3193 683 3249 medioeres.
726 3193 827 3266 Atque
845 3191 935 3248 ett'um
952 3191 1005 3248 itte
1022 3199 1092 3248 sunt
1108 3191 1145 3248 ub
1163 3192 1208 3247 ltr's
1225 3191 1268 3246 de-

191 3275 275 3350 lapso
294 3277 387 3351 plura
407 3293 536 3352 genere,
558 3276 594 3346 (i.
613 3293 640 3333 e.
663 3273 720 3334 und
737 3295 792 3332 von
812 3274 910 3333 diesen
930 3273 1092 3351 Gattongeo
1112 3273 1174 3332 sind
1190 3285 1269 3332 unter

190 3357 299 3416 andero
332 3355 469 3435 fulgendo
500 3358 762 3436 Nebengattnngeu
789 3367 1009 3436 ausgegangeu)
1039 3361 1104 3418 leue
1132 3377 1267 3436 asperum,

191 3452 373 3502 contractum
392 3440 545 3520 deffurum,
565 3445 730 3502 contruenti
744 3446 851 3520 spr’rr'tu
869 3447 1042 3514 internosse,
1053 3441 1189 3521 fructum
1205 3445 1268 3502 scri·

189 3547 265 3600 sum,
290 3529 322 3598 (i.
342 3545 368 3584 e.
389 3525 435 3586 die
454 3525 548 3585 dtnrre
567 3526 684 3586 Stirnrne
702 3547 753 3586 oue
773 3547 863 3604 cogor
882 3528 974 3587 Kelrle
994 3528 1048 3587 uod
1068 3527 1121 3587 der
1139 3529 1267 3593 holzerne

189 3612 249 3670 'l'on
270 3612 344 3670 ohne
362 3611 485 3682 Metoll)‚
495 3613 583 3691 flece
601 3631 673 3671 sono
693 3623 874 3671 attenuatum
893 3616 1025 3693 tustutum
1045 3613 1076 3686 (i.
1097 3633 1122 3672 e.
1143 3613 1189 3672 die
1207 3611 1268 3670 wei·

191 3697 337 3768 nerlielte‚
369 3695 444 3756 elluo
471 3695 638 3756 hanchendc
664 3697 721 3756 und
749 3697 795 3756 dle
822 3702 872 3756 mit
899 3699 1028 3757 Kciclren
1055 3710 1267 3776 uusgestossene

191 3781 319 3840 Stimrne.
339 3782 422 3840 Geni.
447 3780 482 3845 de
506 3779 585 3841 Orat.
605 3783 638 3852 3,
658 3785 712 3853 11,
731 3785 783 3840 41.
806 3785 874 3843 uolo
893 3784 984 3842 uerbo
1002 3785 1124 3843 exiliter
1146 3786 1267 3842 entiruto

191 3869 284 3937 eccle,
304 3868 372 3925 uelo
392 3869 498 3947 inflate
517 3877 549 3926 et
564 3870 652 3946 quusi
667 3870 807 3928 undulata
822 3869 972 3944 grauius.)
1009 3867 1065 3926 Pro
1075 3870 1165 3948 fleca
1182 3877 1266 3925 auten
1327 3921 1328 3924 ,

191 3952 236 4012 liic
260 3961 327 4010 note
351 3950 514 4010 Schotziurn
537 3951 688 4031 legebatur
714 3954 835 4033 inflexo
880 3951 933 4022 „ln
958 3954 1198 4022 miserationibus,
1223 3952 1265 4016 titt

190 4046 289 4096 orator
311 4037 406 4094 utitur
421 4055 494 4095 voce
508 4037 598 4117 sterce
620 4047 651 4096 et
673 4040 880 4098 circumducto.
925 4037 1008 4095 Conl'.
1032 4037 1148 4110 Quintil.
1172 4040 1223 4104 ll,
1240 4033 1264 4098 3,

191 4122 262 4180 tto.
281 4118 367 4180 Aliud
386 4131 441 4194 est,
461 4141 543 4199 qourn
562 4121 666 4182 dieitur
684 4122 809 4181 delirat.
829 4125 857 4192 2,
876 4123 926 4192 46,
946 4124 1017 4184 193.
1038 4124 1150 4202 inflecte
1169 4124 1207 4181 ud
1220 4120 1266 4178 tui·

190 4206 345 4266 secabilem
377 4225 479 4265 senemr
510 4225 589 4266 uoce.
642 4206 744 4286 Neque
776 4227 845 4265 vero
873 4207 918 4264 hic
946 4205 1094 4268 commode
1121 4215 1266 4286 poneretur
1326 4271 1327 4288 Χ

192 4293 313 4372 rustecus,
333 4291 399 4371 quin
418 4292 510 4352 statim
530 4293 657 4371 seqnitur·
675 4294 795 4373 iqfleeo,
814 4293 870 4349 ulia
888 4292 1130 4370 significatione.“
