2764 4978
205 399 262 506 oo'¹
537 485 541 492 .
644 431 867 520 ounrou-

206 609 269 698 tio,
284 608 354 682 'sel
376 615 409 680 et
429 607 668 704 orornpositlone
688 607 726 678 lit
746 615 780 680 et
800 625 922 702 genere
943 604 1048 702 (quorl
1070 607 1285 688 antedictum

206 707 274 800 cst)
301 713 548 783 concinnitatis:
576 711 813 806 eorupositioue
833 717 940 806 potest
960 710 1120 805 intelligi,
1146 734 1221 782 curn
1243 713 1285 782 ita

206 823 332 884 structa
358 815 457 886 verba
481 821 573 902 sunt,
599 821 636 884 ut
657 835 814 884 uuurerus
835 837 902 884 nou
924 812 1108 906 quesitus,
1135 812 1193 884 sel
1213 814 1285 909 ipse

206 925 339 990 secutus
374 940 446 988 esse
480 915 644 1004 rirleotur,
679 923 715 985 ut
748 914 836 1009 eliud
866 913 1039 986 Crassum:
1092 915 1198 986 Num
1226 915 1290 986 obi

206 1017 334 1090 trebello
352 997 591 1105 dominator,
612 1015 854 1088 eirrroeente'ae
871 1017 951 1088 love
962 1017 1206 1113 praestitiam
1224 1028 1285 1090 est.

206 1119 302 1192 Ordo
328 1120 415 1191 euim
439 1120 611 1192 verboruru
642 1117 746 1190 ellicit
772 1143 942 1190 uuruerurn
973 1121 1046 1192 siue
1077 1120 1146 1192 ulla
1176 1129 1288 1214 aliena

205 1224 347 1294 oratoris
373 1222 546 1294 industria.
598 1220 716 1314 Itaque
745 1222 776 1292 si
805 1245 890 1315 quae
920 1231 1047 1294 veteres
1076 1222 1129 1292 illi
1160 1223 1288 1314 (llere-

205 1325 315 1396 uotum
342 1325 416 1395 dico
444 1333 476 1396 et
496 1323 530 1394 T
532 1323 725 1418 brwudirleru
750 1331 915 1420 totamque
937 1349 1010 1396 earu
1031 1323 1187 1410 aetatem)
1215 1335 1288 1421 apte

206 1449 442 1521 numeroseque
463 1427 633 1516 dixerunt,
649 1449 699 1498 *ea
715 1451 781 1497 nou
798 1451 934 1500 umuero
951 1427 1117 1522 quaesito,
1139 1427 1198 1498 sed
1216 1451 1289 1500 ror-

137 1531 325 1603 220boruru
349 1529 573 1616 ‘collocatione
604 1528 806 1604 cecideruut.
857 1527 1001 1600 Formae
1026 1553 1104 1600 vero
1129 1530 1287 1624 quaolaor

204 1631 472 1722 enumerationis,
490 1632 525 1702 iu
544 1632 661 1727 quibus
679 1655 719 1702 ea
737 1631 943 1702 concinnitas
960 1631 1063 1722 inest,
1081 1640 1117 1704 ut
1134 1641 1291 1728 sequatur

204 1759 359 1806 uruuorus
377 1734 577 1808 necessario.
624 1731 712 1804 Nam
729 1757 804 1808 curn
822 1742 879 1806 out
895 1758 956 1830 par
973 1735 1045 1829 pari
1062 1734 1216 1824 refertur,
1235 1745 1291 1810 out

204 1837 405 1908 contrarium
424 1837 591 1912 contrario
609 1835 799 1932 opponitur,
822 1847 880 1908 aut
896 1861 981 1932 quae
997 1836 1149 1908 similiter
1166 1838 1291 1910 eadurrt

203 1940 304 2010 rerba
324 1940 432 2010 verbis
455 1949 701 2034 coruparautor:
724 1939 881 2035 quidquid
902 1940 948 2010 ita
969 1939 1193 2030 concluditur,
1217 1940 1290 2035 ple-

204 2065 341 2137 rumque
355 2041 391 2112 lit
407 2049 444 2110 ut
461 2065 633 2114 nunrerose
651 2041 759 2112 cadat.
796 2042 870 2131 Qun»
885 2040 924 2116 de
942 2065 1064 2130 aenne
1081 2065 1156 2112 curn
1175 2067 1292 2114 enoru-

79 2159 83 2164 “
204 2143 269 2239 plis
287 2168 387 2240 supra
405 2144 564 2234 linimus,
587 2153 624 2216 ut
641 2143 722 2214 liaeo
739 2169 867 2239 qnoque
885 2145 980 2239 copia
998 2144 1188 2216 facultatem
1206 2146 1256 2214 all
1273 2186 1292 2198 -

204 2255 273 2337 rat,
291 2271 357 2317 uon
374 2271 505 2342 serrrper
521 2246 634 2319 eorleru
652 2246 747 2316 ruodo
766 2246 947 2318 desinendi.
989 2245 1062 2318 Nec
1081 2255 1191 2318 terueu
1210 2247 1292 2318 liaeo

204 2349 251 2424 ita
273 2357 350 2420 suut
371 2357 444 2420 arto
467 2357 500 2420 ct
521 2350 673 2440 astricta,
695 2355 732 2419 ut
747 2373 803 2439 ea,
827 2349 1073 2438 eunuchinas,
1094 2349 1212 2420 laxare
1229 2374 1293 2420 ue-

205 2475 374 2546 queoruus.
426 2450 572 2528 lllulturu
594 2452 745 2542 interest,
767 2460 876 2522 utruru
897 2475 1073 2522 numerosa
1095 2452 1152 2541 sit,
1174 2451 1210 2522 iu
1228 2461 1292 2540 ost,

205 2554 323 2622 similis
353 2578 580 2644 uurueroruru,
612 2577 654 2625 au
680 2554 779 2649 plane
805 2578 824 2626 e
848 2554 992 2640 numeris
1018 2562 1146 2624 constet
1171 2556 1294 2624 ruratio.
1367 2601 1368 2608 κ

205 2655 360 2728 Alterura
383 2655 413 2726 si
439 2657 491 2746 lit,
517 2656 726 2726 intolerabile
751 2657 865 2742 vitium
891 2665 955 2744 θεῖς
986 2656 1125 2731 alterurn
1151 2657 1215 2726 uisi
1241 2657 1294 2748 lit,

207 2757 366 2853 dissipato
384 2765 416 2832 ot
433 2758 558 2830 inculta
576 2767 609 2830 et
624 2759 729 2830 llueuu
747 2766 797 2838 est
814 2759 931 2832 oratio.

137 2975 196 3034 221
272 3029 280 3038 .
309 2961 453 3036 LXVI.
504 2962 576 3038 Sed
601 2963 753 3060 quoniam
779 2989 844 3034 nou
871 2963 966 3036 ruorlo
996 2987 1060 3036 nou
1091 2962 1293 3058 frequenter,

204 3090 316 3138 veruru
342 3067 441 3138 etiarn
467 3091 543 3138 raro
569 3067 604 3138 iu
629 3067 717 3138 reris
742 3066 853 3138 causis
880 3077 912 3140 et
938 3067 1122 3138 forensibus
1145 3066 1293 3141 circuru-

204 3169 327 3264 scripte
348 3193 586 3264 numeroseque
608 3169 781 3242 dicendum
804 3179 869 3259 est,
896 3169 987 3264 sequi
1011 3169 1154 3259 violetur,
1182 3178 1220 3239 ut
1241 3170 1293 3240 ri-

204 3269 339 3342 dearuus
360 3295 444 3365 quae
466 3272 532 3342 siut
552 3272 611 3342 illa
633 3296 718 3366 quae
734 3295 835 3367 supra
852 3271 924 3342 uixi
939 3272 1062 3361 incisa,
1084 3293 1169 3366 (luae
1185 3295 1293 3344 rueru-

203 3372 276 3442 bra.
336 3371 432 3444 Haeo
471 3373 558 3444 enirn
597 3375 632 3444 in
670 3375 757 3446 reris
797 3374 907 3445 causis
947 3374 1123 3446 rrraxiurarn
1162 3385 1292 3468 lurtum

168 3526 170 3534 ‚
204 3473 364 3546 orationis
392 3475 550 3546 obtinent.
603 3475 742 3548 Constat
767 3475 855 3548 enirn
881 3476 950 3554 iller
965 3477 1105 3548 arnbitus
1132 3483 1165 3548 et
1191 3478 1292 3572 plena
1365 3481 1366 3551 l

204 3577 452 3674 comprehensio
471 3604 489 3648 e
508 3586 646 3672 quatuor
663 3578 734 3652 lere
751 3579 914 3675 luentibus,
938 3604 1022 3674 quae
1040 3577 1187 3650 merubra
1205 3579 1292 3652 dici-

203 3703 292 3771 mus,
318 3691 353 3752 ut
374 3689 407 3751 ct
430 3681 519 3752 aruris
540 3681 675 3776 impleat
696 3689 729 3752 et
750 3706 792 3752 ue
815 3682 943 3752 brevior
965 3683 1009 3754 sit
1029 3707 1127 3776 quarn
1147 3682 1233 3754 satis
1249 3683 1292 3754 sit

204 3807 311 3878 neque
343 3783 485 3878 longior.
539 3768 733 3878 Quanquaur
770 3791 941 3879 utrornque
975 3807 1207 3878 nonuunquam
1240 3783 1291 3856 rel

202 3886 312 3980 potius
330 3909 428 3980 saepe
446 3886 583 3976 occilit,
606 3895 644 3956 ut
660 3895 717 3958 aut
734 3887 831 3958 citius
849 3887 1063 3960 insistendum
1080 3886 1124 3956 sit
1140 3895 1199 3957 unt
1215 3887 1291 3958 lou-

203 3988 278 4080 gius
295 3987 553 4083 procedendum,
575 4013 617 4060 ue
635 3988 777 4060 brevitas
795 3989 1119 4066 defraudasseauris
1141 3989 1291 4062 viaeatur

203 4115 283 4162 nere
301 4090 470 4185 longitudo
489 4090 667 4163 obtulisse.
720 4089 791 4164 Serl
809 4093 912 4164 babeo
930 4090 1167 4164 mediocritatis
1185 4093 1290 4164 ratio·

203 4217 292 4280 nern;
317 4217 377 4265 nec
401 4195 486 4264 enirn
510 4193 627 4290 loquor
649 4194 688 4266 de
710 4219 822 4286 versu,
846 4203 879 4266 et
895 4203 945 4266 est
961 4195 1098 4266 liberior
1120 4194 1288 4290 aliquanto
1363 4191 1364 4283 l

136 4295 325 4368 zzzoratio.
378 4293 410 4368 E
441 4305 581 4392 qrratuor
612 4297 728 4392 igitur,
762 4299 856 4393 quasi
892 4297 1153 4376 berarnetrorunr
1186 4297 1289 4368 instar
