2746 4994
266 513 358 566 cur..
383 511 456 565 uxr.
479 511 651 564 nos-ron.
680 539 709 549 -
738 508 829 566 cur.
853 498 939 595 tun.
958 512 1017 566 roe.
1103 510 1174 574 sue

88 688 295 764 sznnzntonone
318 687 444 757 ordinis,
471 695 507 745 nt
525 685 615 744 verbo
637 705 731 764 neque
753 686 881 763 allegata
902 687 965 744 sint
984 688 1072 764 puori
1090 673 1173 744 certo

94 775 198 850 aliquo
217 773 283 849 lege
299 791 412 842 uersus,
435 791 528 849 neque
550 773 593 829 ito
610 772 722 841 solutu,
746 780 781 829 ut
800 779 946 848 cogentur
962 771 981 828 i.
1000 791 1027 830 e.
1050 781 1082 830 ut
1104 790 1174 828 con·

94 858 234 916 cinnitnte
257 867 383 915 careant
424 855 579 934 Perperem
605 855 679 914 hunc
701 856 794 914 locum
817 857 1022 933 interpretetur
1043 855 1173 926 Beierus,

93 945 136 1000 ita
162 941 299 1000 scribens.
335 941 441 1012 ,,”Ει
433 942 482 1012 ris,
511 960 582 1019 quae
606 961 623 1000 a
646 939 794 999 Graeculis
822 941 950 1030 quaesitu
977 952 1054 1012 sunt,
1081 941 1175 1000 alins

92 1021 204 1087 nobis
196 1046 250 1085 ram
269 1026 411 1125 disputata
429 1037 508 1099 suut3
533 1025 716 1104 explicanda
713 1036 828 1085 restant
845 1021 953 1086 hoenst‘
988 1027 1085 1085 Etcum
1106 1025 1175 1084 nihil

93 1112 239 1190 significet
256 1112 320 1183 nisi,
339 1123 457 1190 praeter
474 1131 510 1171 ea
529 1131 600 1191 quae
618 1112 674 1170 iam
693 1110 750 1170 dixi
769 1103 938 1189 explicanda
955 1129 1031 1170 esse.
1059 1109 1172 1189 Pergit.

9 1236 13 1240 -
94 1198 218 1256 Primum
237 1198 313 1256 unde
328 1207 395 1255 orto
411 1194 565 1273 sitsormu
583 1197 745 1267 uerborum,
760 1197 822 1255 scil.
842 1216 858 1256 e
874 1215 982 1274 genere
1001 1193 1176 1272 dnodscncnopi

83 1285 121 1364 ,5.
141 1283 214 1341 207.
243 1283 319 1340 conl.
347 1282 372 1359 5.
391 1283 466 1341 37.“
499 1280 539 1340 At
557 1281 583 1358 5.
602 1283 674 1341 207.
702 1281 770 1340 nihil
794 1291 838 1341 est
859 1293 907 1340 aut
925 1281 960 1340 de
980 1283 1092 1359 origiue
1110 1301 1176 1340 ver·

93 1369 338 1438 borumiormee,
357 1377 406 1425 unt
424 1365 459 1426 de
478 1368 570 1426 formu
586 1366 738 1426 verborum
758 1368 831 1445 ipsu,
851 1365 903 1426 sed
920 1377 1027 1426 tontum
1046 1366 1175 1437 docetur,

93 1455 124 1512 iu
144 1473 253 1530 genere
275 1456 450 1527 ἐπιδιικτικῷ
475 1463 504 1510 et
522 1452 641 1510 historin
663 1450 795 1511 utendum
820 1445 884 1514 esse
903 1452 1009 1510 ambitu
1028 1453 1175 1522 orationis,

94 1559 153 1612 non
182 1539 311 1596 oratioue
338 1537 512 1606 membratim
541 1547 571 1596 et
596 1538 708 1596 incisim
735 1538 819 1604 eluta.
837 1575 842 1588 »
863 1537 900 1596 Et
926 1538 951 1614 5.
976 1538 1026 1596 37.
1045 1535 1177 1614 formum

95 1624 231 1700 intelligit
266 1622 380 1682 dicendi
416 1642 515 1700 genus.
560 1622 674 1701 Pergit:
721 1622 901 1701 „Perperene
934 1622 1116 1682 Schirnchius
1148 1632 1178 1680 et

95 1708 225 1770 Haulfius
240 1707 407 1766 vocabulum
417 1705 522 1790 sorno
536 1706 571 1766 de
586 1709 736 1767 verborum
752 1709 864 1785 origine
879 1718 1063 1786 acceperunt.
1090 1707 1177 1766 lmmo

94 1795 205 1874 pariter
222 1805 253 1852 ut
279 1814 305 1852 c.
324 1794 374 1865 62,
394 1795 465 1854 211.
493 1794 567 1853 lrocc
584 1791 689 1870 formo
712 1804 756 1852 est
780 1813 935 1854 nonnoso
954 1795 1084 1852 oratio.“
1118 1791 1192 1850 lmo'

95 1880 136 1938 ibi
154 1881 227 1938 lnce
236 1877 341 1957 formo
360 1884 424 1938 est':
451 1879 505 1938 hoc
528 1879 638 1938 numeri
660 1897 764 1957 genus,
789 1889 819 1938 et
840 1878 1018 1957 significetur
1040 1877 1178 1938 orationis

98 1964 217 2023 ambitus
237 1963 295 2037 (die
315 1963 498 2043 periodische
517 1962 621 2036 Rode).

66 2101 68 2106 ·
98 2152 116 2210 h
184 2070 272 2126 totius
287 2069 417 2144 generis
437 2067 455 2124 i.
476 2085 502 2124 e.
527 2063 578 2124 des
596 2065 738 2126 Numerus
760 2063 817 2125 und
839 2065 1072 2126 Periodeubaues
1094 2064 1179 2125 llber-

119 2162 195 2231 nupt.

134 2275 139 2280 ·
184 2255 428 2314 accommodatur.
465 2272 505 2311 sc.
537 2261 626 2310 totum
658 2271 766 2330 genus,
799 2249 874 2311 denu
905 2253 984 2310 nicht
1014 2273 1049 2311 nu
1079 2245 1180 2312 Einen'u

98 2339 222 2410 Puncte‚
246 2337 371 2397 sondern
388 2358 424 2396 zu
442 2337 593 2396 mehreren
616 2338 653 2396 ist
671 2337 724 2396 der
740 2336 883 2396 Numerus
906 2336 963 2396 und
981 2336 1181 2396 Perlodeuhuu

96 2425 173 2484 wohl
197 2422 383 2501 geeigneth.
405 2441 430 2480 e.
454 2422 534 2480 nicht
555 2422 632 2481 bloss
654 2443 717 2482 nuru
740 2422 931 2500 Wohtktang,
959 2420 1084 2481 sonderu
1107 2423 1181 2482 auch

96 2529 150 2568 zur
172 2508 349 2586 Belehrung,
378 2507 579 2586 Vermehrung
605 2507 657 2566 der
678 2467 944 2570 Versttudlichkeit
966 2518 1022 2566 etc.
1058 2528 1083 2568 v.
1107 2507 1182 2566 Mat-

96 2594 175 2652 thiae
197 2593 322 2652 Theorie
346 2591 397 2652 des
419 2593 468 2652 lut.
488 2591 532 2652 St
555 2614 583 2672 p.
604 2581 654 2652 17.
674 2596 723 2654 19.
747 2593 812 2652 adu.
833 2604 862 2652 et
879 2593 1012 2673 prolegg.
1032 2592 1068 2652 de
1088 2591 1179 2652 doctr.

97 2679 209 2738 numeri
228 2698 254 2736 c.
274 2679 302 2737 3.
322 2679 348 2756 5.
367 2681 399 2747 2,
415 2689 487 2738 eutr.
1203 2693 1209 2704 ¹

184 2799 210 2875 5.
230 2798 302 2856 207.
337 2801 463 2876 singulis
483 2802 565 2858 soni.
602 2817 642 2858 sc.
671 2811 701 2858 et
726 2797 822 2859 rebus
835 2810 865 2858 et
887 2799 1041 2877 generibus
1065 2796 1181 2857 dicendi

100 2888 120 2942 i.
140 2903 166 2942 e.
192 2884 237 2941 liir
260 2882 306 2941 dic
326 2884 476 2942 einzelnen
496 2868 603 2943 Puncte
622 2883 678 2942 und
697 2883 743 2942 die
763 2885 912 2943 einzelnen
932 2883 1180 2982 Redegnttungep.

98 2969 162 3028 lloc
185 2967 303 3028 alterum
329 2969 506 3046 (generibus)
531 2968 716 3048 supplendum
740 2989 858 3047 prorsus
882 2987 946 3027 esse
964 2967 1091 3038 videtur,
1116 2968 1183 3045 quie

98 3055 246 3132 sequitur.
284 3055 412 3112 Remotis
442 3055 537 3130 egitur
567 3055 692 3131 relzqoo's
720 3053 880 3131 generibus
911 3073 996 3112 unum
1027 3053 1183 3130 sclegunuc

98 3141 154 3198 lroc
172 3149 244 3210 etc,
269 3139 347 3217 prius
369 3149 462 3197 autem
483 3139 592 3214 (rebus)
612 3157 663 3198 sue
681 3149 784 3217 sponte
802 3138 985 3217 intelligitur,
1010 3138 1074 3218 quin
1097 3155 1182 3216 prue-

100 3225 202 3296 cessit;
224 3225 265 3282 od
279 3223 414 3302 singulas
430 3243 488 3284 res.

415 3456 422 3467 ,
542 3394 626 3454 Cur.
650 3395 740 3458 LXll.

183 3517 342 3576 Isocrateo.
397 3514 441 3575 De
477 3513 603 3600 dictione
640 3515 776 3576 Isocratis
812 3526 842 3574 et
877 3513 1088 3574 lsucrateorum
1124 3512 1182 3572 vid.

97 3599 254 3658 Maercker
276 3599 311 3659 de
333 3600 491 3661 Theodect.
518 3621 546 3680 p.
565 3601 605 3662 93
624 3622 666 3680 sq.
694 3600 758 3660 adu.
778 3602 807 3660 3.
826 3603 856 3660 4.
875 3601 904 3660 6.
930 3610 1066 3660 ettotam
1085 3600 1110 3676 5.
1130 3601 1181 3656 41.

97 3685 143 3744 De
166 3685 350 3766 Theopompo
373 3685 420 3746 adi
443 3687 505 3746 Cic.
528 3685 607 3746 Brut.
627 3688 681 3758 17,
699 3688 750 3745 66.
775 3685 810 3745 de
831 3685 910 3744 Oret.
930 3687 963 3756 3,
981 3685 1016 3755 9,
1040 3685 1090 3746 36.
1115 3685 1180 3742 coll.

99 3770 180 3829 Brut.
200 3771 250 3839 56,
269 3771 342 3828 204.

185 3873 215 3928 in
232 3873 367 3948 singulos.
403 3874 423 3930 i.
442 3893 468 3932 e.
487 3874 516 3932 in
534 3873 653 3932 solchcn
672 3872 794 3943 Siteon,
819 3868 865 3929 die
883 3867 972 3948 jeder
990 3871 1113 3930 rorstet
1134 3870 1181 3928 ein

100 3954 280 4016 volleudetes
300 3953 395 4019 Guuze
414 3958 595 4016 nusmnchen.
1191 3963 1194 3975 “

185 4075 211 4152 5.
234 4076 310 4142 208.
356 4075 455 4153 aliquo
480 4111 523 4120 —
548 4079 579 4134 in
609 4095 739 4134 numero.
775 4095 831 4135 von
862 4076 975 4155 einiger
1001 4071 1180 4149 Bedeutung.

99 4183 125 4220 v.
145 4160 237 4220 Loers
255 4157 291 4218 ud
310 4157 391 4219 Ouid.
410 4159 529 4222 Heroid.
552 4160 618 4220 Vol.
638 4163 668 4219 1.
686 4180 714 4239 p.
734 4161 783 4221 82.

183 4283 237 4323 suc
252 4261 344 4341 fides.
381 4261 446 4322 dass
473 4263 570 4322 seiucr
594 4261 877 4345 Leichtglttubigkeit
899 4262 1055 4340 Schliugon
1082 4260 1183 4339 gelegt

101 4347 226 4408 werden.
