2678 4974
493 488 703 551 eA..rAAAA
845 477 849 482 '
923 521 926 528 .
995 464 1002 514 s
1070 501 1138 590 'Aa

3 625 5 650 l

3 673 5 722 l
68 673 153 730 mssdco
199 671 291 730 Recte
313 630 475 730 VictoriuA:
507 675 612 742 „luae
635 653 685 731 sAtlA
705 668 881 752 oculosipsn
900 671 1019 746 cadunt,
1034 647 1077 736 id
1096 685 1141 734 est

67 756 98 818 Aa
114 749 215 836 ὁρατά,
235 757 399 816 referuntur
417 756 451 816 ad
471 759 596 858 speclcrq
615 757 689 816 illam
710 759 879 836 cogitatam,
901 759 981 818 cuius
999 759 1049 838 ips.
1029 779 1059 818 A
1077 771 1140 818 tan·

68 863 139 922 quam
156 844 251 920 imago
270 853 350 901 sunt.
371 845 531 919 cogztatam
550 845 624 902 enim
642 863 766 922 spectem
784 854 869 902 Aocat
885 844 962 905 ἰδέαι
978 867 1091 924 Aoqrqr,
1111 843 1141 904 ld

68 939 120 999 cst,
149 947 221 1008 quae
245 929 422 1006 cogitatione
442 937 471 987 et
489 939 583 986 mente
602 929 770 1008 percipitur.
815 928 924 988 Eodem
943 929 1027 988 modo
1047 930 1140 989 ideam

68 1015 240 1092 eloquentiae
272 1024 367 1074 urente
395 1006 629 1092 Amplectimur,
667 1015 791 1092 elligimn
816 1033 887 1073 uero
912 1016 1012 1158 ipsmst
1026 1016 1141 1074 auribus

67 1103 204 1158 sentimus.
211 1106 235 1136 ‘⁴
282 1099 353 1156 Olim
371 1117 520 1180 perperam
540 1097 693 1158 edebatur:
719 1118 793 1180 quac
810 1099 863 1159 sab
882 1103 982 1158 oculos
999 1103 1063 1180 ipso
1081 1123 1141 1162 non

68 1187 178 1244 cadant.
225 1184 418 1263 Negationem
444 1183 597 1244 tollendam
622 1203 685 1244 esse
704 1187 785 1264 primi
804 1195 956 1258 senserunt
974 1185 1179 1246 Perizonius

69 1281 93 1328 et
111 1269 319 1341 Robertollius,
351 1276 390 1342 (A.
417 1258 531 1330 Gruteri
557 1269 659 1328 Facem
682 1272 747 1328 crit
768 1271 835 1329 Vol.
856 1273 887 1329 2.
909 1291 937 1348 p.
958 1273 1010 1330 21.
1035 1272 1063 1329 in
1082 1271 1162 1330 llo-

3 1381 7 1392 ¹
68 1355 183 1415 hertellii
201 1355 275 1414 Arte
295 1357 355 1413 sive
374 1353 497 1414 Ratione
517 1355 682 1433 corrigendi
701 1358 878 1436 antiquorum
897 1356 1014 1428 libros),
1036 1355 1140 1416 deinde

68 1443 142 1500 etiam
161 1441 195 1499 P.
215 1441 364 1500 VActorAus
381 1439 419 1498 V.
440 1439 474 1498 L.
497 1443 548 1511 ll,
569 1443 620 1499 14.
648 1453 677 1503 et
695 1439 858 1500 Larnhrnus.
905 1441 1140 1502 Codicestamcn
1217 1471 1219 1478 ·

68 1529 120 1584 noti
140 1547 200 1586 aon
223 1527 346 1598 habent,
376 1527 460 1584 etiam
479 1526 576 1598 Eius,
606 1547 698 1606 neque
718 1545 755 1586 ex
772 1527 900 1606 pauculis
919 1521 1064 1608 excerptis
1084 1527 1138 1586 Gu.

68 1615 94 1670 Ξ.
114 1623 141 1671 et
156 1611 254 1670 Oxon.
274 1621 356 1670 recte
376 1611 532 1689 colligitur,
553 1631 614 1670 cam
633 1613 797 1690 particulam
817 1613 851 1670 ab
870 1613 905 1671 iis
923 1611 1036 1672 abesse.
1085 1611 1142 1670 lta·

69 1715 115 1776 que
137 1697 252 1777 Meyer.
279 1707 308 1754 et
332 1696 420 1757 orett.
442 1697 524 1754 aliam
543 1699 615 1756 viam
634 1697 840 1775 interpretandi
859 1698 980 1774 ingressi
1000 1699 1039 1756 ita
1057 1698 1145 1756 intel-'

70 1783 207 1842 lexerunt:
241 1781 305 1854 „Ut
325 1783 414 1859 igitur
436 1783 464 1840 in
486 1779 587 1842 formis
598 1793 635 1849 et
652 1783 751 1862 figuris
769 1803 786 1842 A
804 1785 916 1842 summis
935 1783 1081 1842 fictoribus
1099 1785 1142 1862 pi-

70 1869 284 1950 ctorilrusque
266 1865 445 1929 elaboratis'
437 1879 511 1926 Auest
529 1869 624 1946 utique
643 1867 748 1946 aliquid
765 1869 924 1948 perlectum
944 1879 973 1927 et
983 1869 1140 1938 excellens,

70 1953 136 2032 qaod
154 1945 333 2033 cogitatione
351 1963 458 2010 tantum
476 1954 649 2032 percipitur,
674 1963 703 2011 ct
722 1973 776 2032 quo
795 1955 857 2032 ipso
876 1953 995 2023 artilex,
1017 1955 1142 2052 singulas

71 2037 125 2098 dum
143 2041 252 2098 formas
270 2039 409 2108 imitatur,
435 2039 597 2117 exprimere
616 2037 710 2098 studet
729 2059 778 2110 ce,
800 2059 871 2118 quae
891 2039 941 2098 sub
965 2039 1089 2098 oculos
1083 2032 1144 2118 Aps'a

3 2113 5 2210 ἰ
71 2140 118 2182 non
136 2125 253 2195 cadunt
274 2122 303 2181 id
323 2133 378 2194 est,
394 2123 508 2201 pulchAA
526 2123 603 2184 idiote
621 2135 767 2183 aeternam
787 2125 839 2182 sibi
858 2127 980 2193 insitam,
1002 2145 1081 2204 quam
1097 2143 1143 2182 se

3 2251 4 2288 ἒ
71 2221 141 2269 cutus
163 2221 252 2289 atque
270 2209 397 2285 ‘inritatus
420 2209 507 2267 solunr
532 2219 628 2287 potest
646 2211 764 2270 ellieere
783 2208 866 2281 illud,
896 2209 971 2288 quod
990 2210 1144 2286 cogitatio-

3 2313 4 2324 *
71 2295 142 2354 nibus
164 2297 250 2354 nohis
267 2295 431 2372 perlectum
454 2303 575 2372 apparet
595 2295 624 2352 in
647 2293 765 2372 singulis
785 2295 845 2354 eius
864 2294 997 2374 operibus
1016 2305 1146 2358 contente

3 2427 4 2458 ,
70 2380 185 2458 plaudis,
206 2399 267 2438 nec
286 2389 380 2438 tamon
397 2389 552 2458 propterea
570 2399 690 2458 unquam
709 2381 798 2438 toturn
817 2401 886 2460 opus
904 2381 949 2439 rel
967 2377 1145 2460 perfectissi-

3 2483 5 2532 ι
71 2473 138 2524 num*
164 2467 328 2525 universam
360 2465 469 2543 pulchri
501 2467 578 2524 ideae
603 2465 783 2546 amplectitur
809 2477 893 2544 atque
922 2467 1072 2544 exprimit,
1102 2465 1144 2522 sic

4 2551 5 2554 ’
71 2552 146 2610 ctiam
172 2551 324 2631 perlectae
348 2551 528 2628 eloquentiae
551 2553 627 2611 ἰδέαι
649 2552 742 2610 animo
764 2549 906 2622 videmus,
936 2551 1061 2628 effigiem
1082 2543 1144 2622 (die
1206 2599 1208 2602 .

70 2638 167 2714 vttllige
186 2638 213 2696 V
215 2635 438 2712 erwirlslichung
456 2633 552 2694 dieser
570 2634 653 2707 ldec)
674 2655 807 2716 nusquam
821 2637 990 2738 reporimus,
1011 2635 1061 2694 sed
1071 2651 1145 2693 sent-

70 2739 116 2798 per
133 2721 330 2781 desideramus
351 2721 421 2794 (hoc
441 2722 515 2780 enim
535 2731 594 2779 csta
625 2723 746 2782 auredus
764 2741 943 2800 quaeremus,
973 2741 1028 2779 non
1048 2732 1078 2778 nt
1096 2739 1146 2778 ac-

71 2808 141 2885 cepit
168 2807 335 2876 Victorius)
367 2807 453 2864 etiam
484 2808 512 2865 in
545 2807 656 2885 optimis
688 2807 868 2908 eloquentiae
896 2805 1145 2908 exemplaribus.“

3 2945 5 2950 .
70 2889 142 2951 Hanc
168 2891 436 2969 interpretationem
464 2891 550 2950 facile
578 2893 724 2951 refellas
715 2893 802 2972 Apsias
826 2882 975 2982 scriptoris
998 2891 1092 2948 verbis
1116 2891 1144 2967 ἓ.

71 2977 117 3036 10.
140 2981 204 3038 Hos
226 2997 325 3035 reram
338 2974 458 3054 soranos
481 2971 716 3054 ιιρρεΙῖαιίδὲιιές.
762 2977 841 3035 Unde
865 2988 958 3055 patet,
988 2975 1094 3034 formas
1118 2977 1147 3034 ot

71 3061 169 3139 figuras
187 3083 247 3120 nou
266 3081 330 3120 esse
350 3081 439 3140 opera
456 3061 491 3119 ab
510 3061 666 3120 artilicilaus
685 3063 845 3121 elaborata:
872 3081 907 3120 ea
926 3061 999 3118 eninr
1019 3060 1144 3137 eflugies,
1198 3125 1201 3132 ,

71 3157 96 3204 at
115 3151 191 3221 ἰδέας
215 3157 383 3206 constanter
404 3147 525 3217 formas,
546 3147 667 3224 ligures,
688 3149 801 3225 species
821 3157 878 3205 etc.
900 3147 1036 3204 nominat.
1082 3144 1147 3222 Nec

70 3233 166 3292 verba:
189 3235 273 3292 caius
292 3234 332 3291 od
348 3233 509 3309 cogitatam
525 3234 650 3310 speciem
666 3233 809 3291 A'AAAA'toao'o
828 3229 999 3308 reseruntur
1013 3247 1060 3302 eo,
1073 3247 1147 3308 qaae

69 3319 115 3376 Aah
139 3320 299 3378 oculos—
319 3319 431 3376 eadunt
448 3327 566 3396 possunt
589 3317 661 3376 ltnnc
679 3335 790 3376 sensum
809 3317 932 3376 haltere:
963 3315 1065 3395 „quod
1082 3325 1155 3394 peri

72 3402 171 3462 lectum
195 3404 373 3480 cogitatione
396 3413 503 3461 tantum
525 3403 697 3481 percipitur,
727 3414 758 3462 et
775 3423 829 3490 qqo
849 3404 910 3481 ipso
929 3403 1034 3460 artilex
1052 3401 1149 3479 expri-

70 3507 142 3548 mere
166 3485 264 3548 studet
286 3489 425 3568 pulchril
413 3491 497 3548 teter.
502 3496 524 3524 “
569 3487 671 3567 Neque
691 3489 764 3548 enirn
783 3477 951 3566 referrel
918 3508 1016 3564 aequo
1036 3486 1151 3564 oli‘qmd

71 3583 126 3632 est.
147 3573 264 3652 aliquod
284 3561 454 3649 exemplar
446 3575 565 3644 imitari,
586 3593 678 3652 neque
697 3571 802 3632 referri
820 3573 914 3651 aliquo
934 3571 1065 3630 dicuntur
1082 3592 1150 3650 Arpo-

71 3655 239 3738 πλάσματα,
267 3658 319 3718 sed
340 3659 441 3716 horam
464 3659 587 3736 efligies.
611 3659 644 3716 C.
665 3659 763 3720 Beier.
785 3659 825 3717 ita
841 3659 983 3734 vulgatam
1002 3657 1148 3734 explicare

72 3743 183 3817 studuit,
205 3743 256 3804 sed
275 3763 312 3802 ne
329 3745 391 3821 ipse
411 3743 522 3822 quidem
541 3745 655 3802 multum
674 3765 742 3804 suae
761 3741 993 3822 interpretationi
1003 3742 1146 3800 tribuens:

71 3824 165 3889 Verba
188 3833 229 3890 od
250 3832 332 3888 curies
354 3832 514 3906 cogitatam
535 3833 658 3906 speciem
682 3832 821 3888 imitando
845 3825 1016 3905 referuntur
1039 3847 1074 3885 Aa
1092 3845 1150 3884 non

73 3915 155 3974 trahit
178 3915 214 3974 ad
237 3910 368 3973 callidum
391 3924 583 3992 spectatorem
606 3913 719 3972 artilicii
739 3915 872 3985 alieuius3
901 3913 986 3970 talem
1005 3911 1150 3970 enimmi·

74 4015 121 4056 nus
142 4012 209 4078 apte
232 4001 403 4057 imitatorem
426 3997 498 4072 dici3
528 3998 579 4056 sed
602 3998 638 4057 ad
660 3999 813 4068 artificem,
841 3997 968 4056 welcher
988 3998 1062 4056 nach
1086 3995 1149 4054 dem

76 4081 259 4160 allgemeinen
282 4083 340 4142 und
363 4082 435 4142 elren
460 4083 556 4141 darum
581 4085 609 4140 in
634 4082 685 4141 der
706 4083 912 4142 Wirlslichlnoit
929 4081 1065 4159 ningends
1085 4080 1150 4138 dar·-

76 4167 235 4241 stellbaren,
257 4167 584 4245 derEinbilduug'sluait
601 4189 654 4226 nur
670 4169 861 4239 unhestimmt,
881 4169 935 4236 wie
946 4169 973 4225 in
984 4165 1152 4226 unerreiclr-

78 4249 157 4312 baren
178 4255 270 4315 Ferae
278 4298 286 4326 ,
314 4252 577 4312 vorschwebeaden
601 4253 744 4314 Urbilde
768 4257 794 4312 in
814 4256 911 4313 sciner
929 4252 1015 4312 Seele
1035 4253 1080 4310 oia
1100 4249 1151 4307 lAc-
1175 4329 1178 4334 Ι

79 4337 207 4399 stimmtes
228 4339 339 4399 illuster
361 4337 433 4398 oder
454 4335 599 4399 Vorhild
624 4337 682 4399 des
701 4359 740 4398 zu
758 4336 984 4398 sclralfenden
1004 4335 1150 4396 lVenltos

1171 3385 1177 3426 l
