2710 4996
790 235 794 245 ¹
861 249 869 274 ι

340 458 622 527 thensaurum
640 460 694 515 hil
708 453 786 520 cnr.
805 453 870 516 XLI
881 471 946 531 seq.
1109 461 1178 526 501

100 620 190 716 ipsum
216 625 338 705 taum,
370 643 503 718 quantum
525 643 625 694 aetate
652 630 845 713 procedebat,
874 603 1037 696 mederatns
1064 643 1122 706 cst,
1142 645 1180 696 ct

99 738 190 780 senex
208 719 301 780 iactus
318 737 385 780 sesa
402 720 492 780 micus
510 719 565 779 iam
582 719 693 778 servire
712 719 850 796 nuperis,
874 740 955 799 quam
972 721 1073 780 solitus
1091 731 1179 793 essct,

98 847 312 860 -ιι-ι-α-κια-η-ια

98 910 145 956 bus
163 907 226 956 dicit
243 907 307 956 illud
324 907 495 966 fragmentum
512 907 590 967 paulo
606 907 710 968 longius
722 911 833 956 sumtum
848 919 913 954 esse.
939 907 1076 958 Enitnrero
1089 905 1180 958 Cicero
1261 939 1268 960 t

98 975 318 1042 Thrasymachum
344 975 406 1024 dicit
431 976 563 1034 republica
588 977 742 1026 abstinuisse
769 973 817 1024 ltoc
844 987 934 1034 sensu,
967 978 1034 1036 synod
1059 993 1124 1037 non,
1152 982 1181 1026 ut

97 1043 298 1106 Themistocles,
320 1043 446 1104 Pericles,
470 1043 641 1092 Theramenes
663 1045 819 1105 reipublicae
842 1044 1058 1092 administrandae
1076 1051 1102 1093 et
1124 1060 1181 1094 ser·

74 1133 80 1149 ι
96 1112 197 1160 rendae
216 1114 370 1171 praefuerat.
403 1113 494 1170 Neque
512 1127 591 1162 unum
608 1113 794 1174 Thrasymacbi
811 1111 904 1158 librum
922 1113 1052 1172 extitisse,
1075 1127 1108 1161 ex
1127 1115 1180 1161 Cle.

97 1183 170 1228 Orat.
190 1183 230 1241 52,
249 1183 307 1228 itt.
325 1181 425 1241 colligit
441 1178 572 1242 Spalding.
590 1181 622 1228 ad
641 1182 748 1235 Quintil.
767 1183 794 1238 3,
814 1183 841 1239 3,
861 1181 893 1241 4,
912 1181 956 1228 ubi
973 1180 1180 1240 Thrasymachus

96 1249 194 1296 dicitur
219 1249 250 1296 de
276 1252 379 1296 actione
402 1249 528 1308 quaedam
555 1250 693 1298 tradidisse
723 1249 867 1310 (Spalding.
892 1249 959 1296 eninr
989 1249 1024 1296 ibi
1049 1251 1179 1312 emepdstr

94 1319 159 1366 licet
184 1311 394 1383 Thrasymachus
420 1332 519 1380 qaoque
544 1318 609 1365 idem
635 1319 666 1366 de
691 1321 794 1367 αιιιυιιι
820 1317 971 1376 tradiderit,
995 1331 1049 1377 pro
1075 1317 1181 1382 vulgata

95 1385 258 1444 crediderit).
293 1386 403 1448 Scripsit
423 1386 629 1446 Thrasymachus
651 1387 729 1436 ctiam
751 1387 782 1434 de
802 1388 896 1434 natura
918 1400 1017 1445 rerum,
1040 1390 1106 1432 teste
1128 1387 1180 1434 Cic.

95 1455 127 1502 de
151 1455 223 1502 Orat.
241 1457 269 1514 3,
289 1455 334 1514 22,
355 1453 443 1518 128.
436 1469 452 1500 ι.
470 1469 492 1500 e.
515 1455 545 1500 de
568 1453 742 1515 philosophia,
765 1469 825 1502 nam
834 1457 903 1500 'eam
925 1455 1035 1502 alicuius
1056 1453 1182 1502 libiorum

10 1519 13 1524 “
94 1524 152 1570 cius
174 1523 369 1583 inscriptionem
391 1522 486 1583 fuisse,
511 1537 545 1570 ex
568 1537 598 1570 eo
620 1523 679 1570 loco
701 1527 752 1571 nori
775 1521 914 1582 colligitur.
939 1522 976 1569 ·ln
995 1518 1181 1582 Thrasymaclrl
1229 1551 1248 1588 ,-

94 1596 184 1640 autem
203 1593 282 1640 Arta
289 1591 409 1654 credibile
430 1594 469 1638 est
496 1591 572 1640 etiam
599 1591 644 1638 illa
666 1592 758 1660 tuisse,
786 1603 851 1650 quae
873 1594 904 1638 ab
925 1591 1064 1639 Aristotele
1085 1593 1115 1638 A.
1134 1591 1180 1638 tlh.

94 1662 125 1722 3,
150 1661 178 1718 8,
202 1662 227 1708 4.
254 1675 280 1720 p.
303 1662 366 1718 251,
394 1660 419 1709 t.
446 1659 542 1709 relata
555 1655 761 1731 Thrasymachus
788 1659 819 1708 de
845 1673 944 1720 paeone
970 1660 1079 1708 dixer-u
1113 1661 1180 1712 Nau
1249 1666 1255 1684 ⁸

94 1727 233 1788 Stagirites
251 1729 282 1775 de
300 1727 453 1794 rhythmis·
446 1742 474 1774 ιιι
496 1729 612 1776 oratione
634 1717 781 1776 adhibendis
804 1741 936 1786 exponens
954 1743 969 1774 a
988 1715 1180 1787 Thrasymacho

93 1799 222 1858 paeonem
242 1797 355 1844 maxime
378 1797 582 1843 commendatum
604 1800 630 1842 et
652 1811 711 1844 suo
721 1801 836 1856 ternpore
862 1797 972 1856 primum
998 1799 1028 1843 ab
1055 1789 1180 1844 orationis

93 1865 170 1913 initio
197 1867 349 1925 usurpatum
376 1877 434 1912 esse
459 1865 545 1912 tradit.
584 1863 692 1924 „Quare
718 1865 787 1912 haud
813 1863 867 1911 scio
894 1877 927 1910 arr
953 1863 979 1910 in
1006 1863 1180 1925 Panegyricae

93 1933 204 1983 exordio
229 1937 308 1991 ,rerba
334 1933 416 1994 prima
441 1929 566 1987 πολλάκις
592 1929 733 1990 tharacna
763 1933 840 1980 huius
872 1933 1004 1992 praecepti
1033 1933 1181 1993 cxmnplum

93 2001 253 2061 supersint.“
288 2005 307 2050 l.
325 2003 354 2048 G.
372 2001 481 2048 Prono..
494 2002 524 2048 de
541 2002 592 2050 vit.
610 2005 636 2050 et
654 2005 757 2062 scripit..
770 2005 848 2057 isaer.
867 2015 890 2060 p.
909 2003 942 2048 12
960 2017 1011 2060 ιιι..
1030 2002 1128 2050 Eadem
1145 2013 1182 2052 ιιι

93 2071 242 2119 Aristotele
253 2065 284 2116 de
301 2069 493 2130 Thrasymacho
511 2071 590 2119 retest
608 2070 715 2122 Quintil.
729 2074 753 2133 u,
772 2072 797 2130 4,
817 2071 857 2116 st.
892 2068 965 2116 Licet
983 2071 1063 2129 t'gitar
1076 2077 1180 2129 paeono',

92 2145 224 2200 sequatur
245 2137 372 2199 Ephols's,
394 2137 524 2184 inventam
546 2154 564 2184 a
585 2137 791 2198 Thrasymacho,
816 2139 953 2197 probatam
975 2139 1007 2184 ah
1030 2137 1179 2186 Aristotele.

1 2231 2 2238 ι
94 2208 183 2261 Quum
206 2205 266 2254 v‘ero
286 2206 494 2266 Thrasymachus
516 2211 609 2264 artem,
638 2221 713 2264 quam
733 2205 816 2252 literis
840 2207 1018 2265 profitebatur,
1045 2221 1073 2252 re
1095 2207 1179 2253 minus

93 2275 209 2324 feliciter
226 2281 352 2336 expertos
367 2287 425 2331 esse
442 2275 568 2333 rideatur,
585 2275 622 2337 (ld
639 2276 706 2320 enim
725 2271 858 2320 declarant
872 2274 1093 2321 rerbaCiceronis
1108 2271 1180 2322 Orati

1 2387 2 2392 ,
93 2359 116 2390 c.
137 2346 183 2404 52,
203 2345 260 2390 175.
277 2345 399 2404 princeps
420 2343 564 2390 inveniendi
576 2345 637 2406 soit
658 2342 881 2402 Thrasymachus,
904 2343 975 2389 cutus
997 2344 1083 2390 artenia
1104 2345 1180 2393 aisns't

1 2447 2 2452 .
93 2415 299 2460 ιιιαιιι,ι.τιιιιιι
323 2413 423 2472 tempta
448 2414 614 2470 nrsrrserose;)
644 2415 670 2458 et
691 2414 817 2458 isocrates
844 2423 944 2474 omnem
966 2425 1101 2458 numerum
1127 2425 1209 2466 nour
1261 2445 1262 2452 .

95 2479 206 2527 scientia
226 2481 321 2540 magis,
349 2475 425 2538 quam
446 2493 508 2538 ιιιιι,
535 2493 617 2536 neque
643 2493 692 2526 usu
719 2479 799 2538 magis
826 2492 902 2537 quam
929 2479 1036 2525 scientia
1059 2479 1178 2527 calleret:

1 2583 2 2590 ,
94 2550 219 2599 nenst‘neor
244 2551 310 2594 euim
335 2551 362 2594 s'ss
388 2561 529 2609 eo‘genere
550 2549 672 2595 aasentias
694 2554 826 2594 uersatum
848 2549 981 2606 Isocrate,
1008 2546 1180 2607 confitendum

66 2637 71 2658 ι
94 2623 151 2664 est:
175 2631 205 2664 ac
228 2616 404 2674 quumetism
427 2629 540 2664 urrmero.
556 2616 739 2664 concinnitatis
760 2615 901 2676 legitimum
918 2615 1019 2664 madum
1039 2617 1185 2676 adhiberet,

94 2685 160 2732 nihil
178 2685 328 2732 Ciceronem
346 2685 467 2746 impedire
485 2688 598 2745 poterat,
618 2685 754 2744 quominus
771 2687 911 2733 Isocratem
929 2685 1071 2744 principem
1087 2699 1180 2738 rruure-¹

93 2767 137 2800 ros
165 2753 276 2800 orationi
302 2753 428 2800 addidisse
455 2756 481 2800 et
506 2751 664 2800 inventorem
689 2767 866 2813 numerorum,
893 2754 936 2810 qui
963 2767 1022 2800 vcrc
1048 2754 1178 2812 dicuntur,

94 2821 177 2868 fuisse
204 2821 307 2868 diceret.
341 2821 407 2868 Nam
429 2821 473 2880 qui
493 2822 591 2880 'primus
613 2827 695 2868 artem
717 2822 815 2868 rudiori
836 2824 912 2867 antea
938 2835 1016 2868 manu
1041 2825 1179 2868 tractatam

94 2889 208 2949 perlicit,
234 2891 257 2936 is
278 2890 334 2936 iure
356 2889 475 2938 invehtor
496 2891 552 2936 eius
574 2892 637 2936 artis
659 2903 717 2936 csse
731 2889 902 2948 perhibetur..
927 2886 986 2935 Non
1009 2901 1084 2935 secus
1111 2882 1179 2948 apud

95 2957 224 3005 Romanos
251 2959 346 3005 satirae
371 2959 490 3004 inventor
514 2957 616 3007 habitus
642 2961 683 3004 est
707 2955 836 3017 Lucilius,
863 2967 1008 3014 quanquam
1033 2961 1093 3003 ante
1120 2967 1179 3003 conr

92 3026 196 3076 Ennius
223 3025 249 3071 in
275 3026 361 3076 eodem
388 3039 483 3085 genere
508 3029 625 3072 versatus
651 3027 719 3082 erat;
746 3025 783 3082 sic
806 3025 919 3075 Rhinton
939 3023 1180 3104 hilarotragoediae,

91 3094 269 3156 Pomponius
282 3095 450 3142 Bononiensis
479 3094 655 3140 itellanerum
684 3093 804 3140 intentor
831 3093 935 3138 dicitur.
976 3093 1063 3145 Quod
1080 3093 1103 3140 ιί
1132 3105 1181 3154 per

91 3161 253 3222 hyperbolen
271 3161 367 3208 dictum
385 3164 436 3220 est,
455 3162 583 3208 assentiar
599 3161 750 3208 Maerckero
769 3161 799 3207 de
817 3159 962 3208 Theodecte
981 3175 1005 3220 p.
1019 3163 1059 3206 12.
1071 3161 1128 3206 adrr.
1142 3162 1178 3219 3.,

92 3245 110 3277 a
133 3231 258 3278 Cicerone
279 3227 366 3280 itidem
389 3229 554 3290 hyperbolice
575 3229 714 3276 Isocratem
741 3213 837 3276 dictur‘n
863 3241 920 3275 esse
944 3229 1056 3275 numeri
1071 3229 1179 3276 oratorii
1221 3243 1237 3288 ,ι

84 3299 263 3346 inventorem.
296 3298 429 3348 Libentius
452 3298 603 3368 concedam,
627 3299 777 3348 Ciceronem
799 3302 853 3346 tam
870 3296 988 3356 semigar
1011 3297 1041 3347 tls
1058 3297 1182 3357 Thrasy-

91 3367 187 3417 macho
206 3371 232 3414 et
249 3369 362 3414 isocrate
380 3367 496 3414 locutum
514 3379 586 3427 esse,
606 3367 674 3426 quod
693 3367 791 3426 apud
784 3381 859 3426 ipsus
872 3367 985 3417 Graecos
1006 3379 1059 3415 ιιιιιι
1081 3370 1182 3421 certam

93 3435 126 3481 de
149 3435 190 3480 his
212 3435 273 3482 viris
296 3435 442 3496 opinionem
464 3435 604 3482 invaluisse
625 3434 735 3493 videret,
758 3433 829 3482 velut
846 3434 986 3502 Dionysius
1003 3433 1061 3482 ilai.
1078 3435 1135 3482 Vol.
1155 3437 1179 3482 5.

91 3519 119 3564 p.
137 3503 195 3548 464.
213 3507 251 3549 et
257 3502 313 3554 Vol.
334 3505 357 3549 6.
375 3519 400 3564 p.
417 3505 466 3550 958
485 3518 521 3562 sq.
540 3503 645 3550 carrdem
668 3503 731 3549 artis
754 3503 938 3563 perfectionem
958 3503 1052 3562 lysiae
1074 3507 1099 3550 et
1122 3507 1178 3552 iso·
1199 3512 1203 3518 “

93 3571 163 3621 crati
192 3571 294 3630 tribuit,
326 3585 402 3630 quarn
428 3571 622 3631 Theophrastus
649 3571 839 3631 Thrasymacho
870 3571 1023 3618 vhrdiwcabnt
1058 3573 1178 3632 Ceterum

92 3640 184 3686 eodem
206 3640 264 3686 loco
286 3639 451 3692 Maerckerus
477 3655 529 3688 non
555 3641 637 3700 magis
658 3644 730 3687 recte
751 3641 825 3698 dicit,
852 3652 1012 3686 numerosam
1035 3625 1183 3687 clationem

92 3703 223 3768 Graece‘
212 3707 349 3772 apponatur
368 3709 408 3754 val
425 3708 491 3764 itio
510 3709 604 3756 dictam
623 3722 694 3769 esse,
716 3723 794 3768 quum
812 3705 934 3774 ἑρμηνεία
951 3707 984 3754 ιιι
996 3707 1128 3768 elocutio,
1151 3709 1182 3756 ab

91 3790 233 3824 srumerosa
255 3777 338 3823 oratio
359 3772 480 3843 ἁρμονία.
508 3792 531 3824 v.
553 3777 610 3824 adn.
633 3777 664 3824 ad
691 3779 804 3824 Demetr.
826 3773 856 3822 de
871 3776 950 3830 Eloc
973 3776 995 3834 ι.
1018 3779 1058 3824 68.
1091 3779 1177 3824 Minus

91 3845 173 3891 etiam
201 3857 304 3890 rerum
314 3845 366 3904 est,
394 3845 501 3902 quodi.
524 3825 553 3890 G.
572 3833 737 3891 Pihndiusl.
760 3859 781 3890 c.
803 3846 880 3902 negat
902 3855 1008 3900 usquam
1031 3845 1177 3904 memorari,

90 3925 258 3960 numerorum
281 3913 307 3958 in
330 3912 447 3958 oratione
468 3913 590 3980 Gorgiam
610 3913 752 3959 studiosum
775 3912 869 3969 fuisse,
895 3909 946 3957 nisi
971 3913 1057 3959 forte'
1066 3913 1178 3960 studium

92 3981 280 4028 concinnitatis
297 3993 350 4026 uon
371 3981 472 4026 numeri
493 3985 544 4044 est,
566 3992 614 4026 nec
636 3979 799 4026 eorrcinnitss
820 3993 880 4038 pars
901 3981 1003 4026 numeri
1019 3981 1177 4027 necessaria.

93 4049 205 4102 Quaerit
226 4054 324 4108 autem,
352 4061 427 4106 quern
448 4049 528 4108 igitur
549 4048 577 4094 in
597 4048 710 4096 numeris
730 4049 859 4096 isocrates
886 4049 1065 4100 secutassitl
1097 4047 1182 4102 Quasi.

91 4131 147 4164 non
165 4121 254 4176 aperte
272 4131 287 4164 a
305 4117 428 4164 Cicerone
447 4117 547 4172 dicatur
564 4116 683 4175 princeps
702 4116 846 4162 inveniendi
863 4117 964 4164 numeri
981 4117 1073 4175 tuisse,
1092 4130 1182 4176 quem,

92 4199 173 4244 quum
195 4185 402 4245 Thrasymachus
428 4185 494 4231 idem
521 4183 656 4244 artificium
679 4187 738 4232 ante
761 4199 819 4230 eum
841 4183 997 4244 lectitasset,
1025 4179 1083 4243 sed,
1110 4187 1176 4232 teste

92 4254 232 4316 Cicerone,
263 4267 360 4314 parum
379 4260 451 4300 recte
478 4248 635 4314 factitasset,
667 4265 714 4300 sua
740 4253 848 4311 quadam
874 4258 901 4300 et
926 4251 1030 4312 propria
1055 4253 1100 4300 ιιι
1122 4267 1176 4334 rem

91 4333 245 4384 oppressum
261 4335 319 4370 esse
337 4323 442 4370 credere
458 4322 572 4369 licet.

910 4397 940 4464 U
950 4403 963 4432 ιι
