2764 4978
341 465 412 528 ab
446 393 652 529 libabunt
686 465 894 530 BRUTUM.
1115 469 1163 532 δῦ

89 637 188 715 Nobis
213 641 343 739 priuata
365 641 407 716 in
428 663 531 716 causa
555 639 676 740 magna
700 651 735 717 et
759 644 869 739 gravi,
899 667 974 716 cum
999 643 1164 742 coepisset

89 745 184 856 Curio
206 753 303 868 quiper
323 737 541 842 respondere,
563 747 671 818 subito
693 747 832 837 assedit,
855 767 929 820 oum
947 747 1011 818 sibi
1027 749 1163 822 venenis

87 857 228 944 ereptam
245 849 433 919 memoriam
451 848 587 921 diceret.
639 849 728 940 Quid
748 873 810 944 ogo
832 849 872 920 de
893 849 1236 928 miserationibnsttb·

86 949 219 1045 loquar?
238 951 356 1046 quibus
373 975 414 1022 eo
431 975 504 1022 sum
521 973 600 1022 usus
616 951 780 1048 pluribus,
798 950 885 1046 quod
902 952 1032 1024 etiamsi
1048 953 1162 1050 plnres
1284 973 1287 981 “

86 1053 287 1144 dicebamus,
305 1054 548 1149 perorationem
565 1054 645 1124 mibi
661 1062 771 1124 umen
788 1077 900 1126 ornnes
918 1054 1161 1149 relinquebant.

86 1153 123 1226 In
140 1179 205 1250 quo
223 1163 267 1226 ut
277 1155 408 1227 viderer
423 1155 604 1246 excellere,
627 1179 694 1227 non
710 1151 843 1250 ingenio
861 1156 920 1228 sed
938 1155 1051 1226 dolore
1068 1181 1162 1228 osse·-

86 1259 215 1352 quebar.
271 1257 367 1350 Quae
383 1259 634 1354 qualiacumque
651 1259 687 1329 in
704 1283 756 1330 mo
774 1265 862 1350 sunt,
880 1283 933 1330 mo
950 1257 1038 1329 enim
1053 1259 1161 1354 ipsum

86 1360 227 1454 poenitet
253 1368 378 1456 quanto
403 1360 484 1452 sint,
515 1361 574 1432 sed
600 1355 769 1458 apparent.
785 1361 821 1431 in
846 1359 1084 1449 orationibus3‘
1099 1362 1162 1432 etsi

69 1459 195 1533 'carent
213 1461 295 1533 libri
316 1462 435 1559 spiritu
456 1462 532 1554 illo,
554 1473 688 1560 propter
704 1486 801 1558 quem
821 1463 947 1534 maiora
968 1461 1081 1534 cadam
1101 1463 1162 1534 illa

86 1587 152 1634 oum
169 1574 317 1660 aguntur
333 1586 431 1660 quum
448 1587 522 1636 cum
539 1565 695 1660 leguntur
711 1565 813 1637 videri
829 1566 961 1638 solent.
991 1563 1065 1638 Nec
1081 1587 1158 1636 vero
1169 1582 1225 1640 1³1

85 1666 292 1738 irriseration‘e
305 1667 517 1739 solnm-mens
529 1668 908 1763 iudicumpermovenda
920 1675 982 1758 est,
1000 1669 1082 1764 (qna
1099 1693 1160 1740 nos

85 1767 127 1838 ita
142 1765 295 1841 dolenter
311 1769 360 1840 uti
377 1769 536 1860 solemus,
558 1778 596 1841 ut
616 1793 754 1866 pnerom
774 1769 932 1854 infantem
953 1770 989 1841 in
1009 1771 1171 1841 monibus¹

85 1865 273 1964 perorantes
290 1872 503 1962 tenuerimus,
521 1873 642 1942 utalia
658 1872 693 1943 in
710 1895 814 1943 causa
830 1873 974 1944 excitato
987 1897 1045 1944 reo
1058 1871 1162 1943 nobili

86 1973 207 2044 sublato
238 1973 337 2044 etiam
358 1973 427 2044 lilio
453 1997 553 2069 parvo
579 1974 739 2072 plangore
761 1983 794 2046 et
813 1974 1047 2047 lamentatione
1069 1999 1162 2046 com-

85 2073 238 2168 plerimus
264 2072 389 2165 lorum)
421 2075 480 2148 sed
505 2077 603 2147 etiarn
624 2086 681 2148 est
704 2076 906 2168 iaciendum,
937 2085 974 2147 ut
998 2077 1162 2148 irascatur

85 2176 176 2248 iudex
205 2178 393 2272 mitigetur,
423 2178 567 2250 invideat
596 2178 720 2268 faveat,
752 2187 941 2250 contemnat
970 2179 1161 2271 admiretur,

87 2278 183 2350 oderit
205 2280 341 2375 diligat,
369 2281 482 2375 cupiat
506 2281 657 2352 satietate
683 2280 864 2372 alliciatur,
891 2289 1002 2377 sperat
1016 2289 1161 2372 ‘metuat
1194 2325 1202 2338 -

85 2377 218 2453 laetetur
257 2382 385 2453 doleat=
421 2405 488 2477 qua
519 2383 554 2455 in
588 2383 747 2454 varietate
781 2383 949 2454 duriorum
978 2383 1160 2454 Accusatio

87 2484 304 2580 suppeditabit
321 2485 487 2582 exempla,
505 2486 669 2556 mitiorum
687 2483 893 2558 defensiones
911 2509 1014 2558 meae.
1052 2484 1156 2558 Nullo
1168 2491 1229 2552 132

87 2585 165 2656 enim
180 2586 281 2658 modo
299 2587 427 2658 animus
445 2585 608 2659 audientis
626 2595 683 2659 aut
699 2588 833 2660 incitari
851 2597 908 2659 ant
924 2587 1023 2660 leniri
1040 2596 1160 2685 potest,

88 2687 137 2780 qui
155 2690 275 2760 modus
296 2711 317 2759 o
337 2711 389 2760 sne
410 2713 477 2763 non
498 2697 643 2762 tentatus
666 2691 725 2782 sit,
745 2691 890 2762 dicerem
910 2691 1109 2787 perfectum,
1131 2691 1161 2762 si

86 2787 127 2857 ita
140 2789 341 2862 indicarem:
363 2815 427 2864 nec
442 2792 479 2863 in
494 2793 632 2863 ueritate
650 2793 774 2864 crimen
792 2794 1002 2887 arrogantiae
1019 2793 1162 2864 extirne·

86 2911 221 2985 soerem,
248 2893 308 2964 sod
330 2891 385 2986 (ut
405 2913 506 2990 supra
527 2890 614 2984 dixi)
640 2895 733 2966 nulla
754 2919 805 2966 me
826 2896 940 2990 ingeni
961 2893 1018 2966 sed
1042 2908 1162 2988 iiiagnn
1222 2972 1230 2986 ,
1334 2893 1338 2908 ’

85 2992 128 3062 ιιι
143 2996 247 3066 onium
264 2995 460 3090 inflammat,
477 3003 516 3066 ut
531 3021 584 3068 nne
599 2997 671 3092 ipse
689 3020 757 3067 non
773 3005 919 3086 teneam,
938 3020 1000 3068 nec
1016 3019 1161 3090 unquam

85 3092 124 3183 is,
146 3098 202 3192 qni
220 3097 367 3187 audiret,
388 3096 635 3187 incenderetur,
657 3098 723 3184 nisi
743 3096 861 3170 ardens
884 3098 926 3168 ad
947 3121 1021 3170 eum
1042 3121 1161 3196 perve-

78 3195 164 3269 niret
181 3198 302 3270 oratio.
337 3197 459 3270 Utorer
476 3199 636 3294 exemplis
650 3199 848 3290 domesticis,
867 3201 931 3272 nisi
948 3223 988 3272 ea
1004 3199 1159 3295 legisses:

86 3305 189 3372 uterer
206 3301 327 3374 alicnis
343 3302 396 3372 ool
412 3299 565 3393 Latinis,
587 3301 617 3372 si
633 3300 704 3372 ulla
720 3303 915 3398 reperirem,
932 3302 985 3374 uel
1003 3300 1159 3394 Graecis,

87 3397 112 3466 ui
130 3401 275 3475 deceret.
297 3451 298 3454 =
318 3401 389 3476 Sed
407 3401 523 3476 Crassi
539 3425 706 3502 perpauca
722 3413 800 3476 sunt
817 3429 879 3476 noo
896 3428 935 3476 ea
951 3402 1159 3500 iudiciorum.
1213 3412 1217 3424 '

84 3496 172 3576 Nibil
188 3505 335 3596 Antoni,
353 3506 436 3577 nibil
454 3505 584 3600 Cottae,
602 3505 686 3578 nibil
703 3501 847 3603 Sulpici.
880 3505 1026 3578 Dicebat
1042 3507 1159 3578 melius
1266 3592 1271 3600 ¹

85 3624 176 3695 quam
193 3607 329 3704 scripsit
344 3607 556 3681 Hortensius.
607 3608 736 3682 Verum
752 3609 835 3681 baec
851 3609 916 3700 vis,
939 3631 1036 3703 quam
1053 3618 1231 3704 quac-13³

85 3703 197 3800 mnus,
224 3717 349 3805 quanta
373 3710 432 3802 sit,
458 3712 678 3808 suspicemur,
704 3711 857 3807 quoniam
882 3710 1068 3806 exernplum
1093 3736 1161 3783 non

86 3801 256 3902 babemus,
274 3819 333 3882 aut
349 3813 379 3884 si
395 3815 548 3911 exempla
563 3813 746 3909 sequimur,
769 3811 1030 3884 aDemostbene
1049 3837 1161 3884 surna-

86 3927 152 3980 mus
178 3921 213 3984 at
237 3912 368 4008 quidem
392 3924 571 4011 perpetuae
596 3913 752 3988 dictionis
775 3939 817 3986 ex
839 3937 878 3986 eo
899 3914 991 4007 loco,
1017 3914 1104 3986 unde
1123 3916 1160 3987 in

90 4004 306 4114 Ctesiphontis
322 4015 445 4086 iudicio
459 4017 499 4088 de
516 4017 584 4088 suis
597 4016 694 4088 iactis
712 4017 860 4088 consiliis
878 4017 1002 4090 moritis
1019 4018 1055 4088 in
1071 4041 1161 4088 rern-

89 4111 248 4200 publicam
261 4139 438 4212 aggressos
451 4125 502 4190 est
518 4118 640 4190 dicere.
674 4116 730 4189 Ea
745 4120 894 4214 proiecto
912 4119 1016 4190 oratio
1034 4119 1069 4189 in
1087 4141 1160 4189 eam

90 4207 235 4307 formam,
254 4243 341 4314 qnae
364 4227 416 4291 est
436 4219 536 4291 insitu
556 4220 592 4292 in
613 4221 777 4292 montibus
800 4221 937 4313 nostris,
962 4220 1088 4292 includi
1110 4220 1159 4290 sio

92 4321 206 4411 potest,
226 4327 264 4392 ut
279 4323 386 4394 maior
402 4321 591 4418 eloquentia
607 4347 674 4396 non
689 4323 888 4418 requiratur.
921 4430 948 4496 C
