2678 4974
202 451 268 517 101
367 445 629 512 commisturam!
650 446 689 502 lN
706 443 899 528 elobuolils
917 443 1130 500 ORATOREM.
1256 495 1266 528 χ
1327 491 1328 526 3

156 617 160 628 ⁵
201 643 283 704 sung.
303 619 440 687 Doederl.
456 621 520 682 Lot.
536 620 645 702 Syron.
659 621 726 682 Vol.
741 621 769 682 5.
785 639 812 700 p.
827 622 856 682 9.
872 619 920 682 liu.
940 619 1005 680 coll.
1025 640 1053 699 p.
1069 619 1118 680 51.
1135 618 1162 696 §-
1177 620 1198 680 9
1212 627 1278 678 extr.
1327 615 1328 624 ³

202 709 267 768 Pari
291 706 373 768 laude
396 707 562 786 Agricolam
584 707 701 768 Tacitus
725 726 750 766 o.
769 707 799 766 9.
823 706 951 765 extollit:
980 725 1036 764 nec
1057 706 1116 776 illi,
1143 705 1222 782 quod
1242 713 1281 762 ert
1327 717 1328 762 ι

201 795 395 896 retrusissem,
423 803 477 854 act
491 791 634 872 facilitas
660 794 882 902 auctoritatem,
895 800 965 896 'cut
985 792 1131 850 seueritas
1159 808 1279 850 amorem
1327 861 1328 870 χ

203 882 384 1042 (18111ιέ1134.
408 964 539 1036 omnibus
558 964 655 1024 terrei.
679 961 801 1024 Scbnlz.
818 981 881 1024 cum
900 959 1039 1022 Lambino
1062 960 1280 1040 praepucium
1327 937 1328 1026 l

204 1070 258 1132 qua
280 1050 492 1130 praepositione
516 1069 571 1108 non
595 1049 685 1126 magis
704 1068 787 1127 opus,
812 1067 893 1126 qnam
912 1049 927 1106 1
950 1046 1136 1126 conopas
1158 1065 1202 1125 pr.
1225 1043 1281 1104 Bm.

279 1133 399 1214 frueris
421 1138 482 1214 epse
506 1144 543 1194 te.
579 1134 638 1192 We
663 1132 699 1194 du
722 1131 823 1194 deieer
845 1131 936 1195 selbst
955 1131 1021 1192 l'rob
1043 1133 1122 1192 wirst
1145 1151 1188 1190 sc.
1208 1129 1281 1210 qnasi

203 1241 317 1284 scenam
336 1231 449 1291 nactus,
469 1220 496 1278 in
516 1239 570 1299 qua
588 1217 762 1298 spectandae
780 1219 893 1278 virtutis
911 1215 1082 1288 documenta
1101 1215 1218 1276 ederes.

289 1309 319 1366 sis
336 1307 445 1366 italice
463 1305 537 1364 luce.
561 1323 613 1362 vor
636 1301 691 1366 dcc
709 1302 813 1382 Augen
837 1303 969 1364 italicus:
995 1303 1050 1364 boc
1074 1301 1147 1362 dicit
1169 1310 1282 1381 propter
1327 1299 1328 1310 ¹

69 1441 71 1452 .
104 1395 116 1414 ”
203 1385 377 1452 uicinitatem
396 1389 495 1452 ltaliae
515 1389 544 1448 et
563 1389 671 1448 Galliae
690 1388 862 1468 Cisalpinae.

118 1549 125 1558 .
289 1477 429 1556 celsiore
446 1475 496 1533 uel
510 1466 628 1534 rebare.
665 1473 755 1534 Unter
773 1472 826 1534 der
840 1472 943 1535 Bltltbe
962 1470 1034 1532 oder
1052 1470 1115 1532 dem
1138 1471 1218 1530 Kern
1237 1467 1282 1530 der

204 1561 384 1622 wacbcrsten
409 1558 530 1648 Blrger.
567 1559 710 1630 Plutarch.
734 1559 793 1620 Vlt.
817 1557 896 1620 Brut.
926 1579 951 1618 c.
976 1559 1005 1617 6.
1033 1560 1146 1637 μέλλων
1173 1556 1206 1618 bl
1230 1560 1282 1618 διο
1327 1601 1328 1644 χ

203 1649 307 1730 βαίνειν
332 1649 370 1717 είς
396 1639 506 1726 Apibus
532 1648 652 1727 Καῖσαρ
678 1645 724 1712 ἐπὶ
748 1637 878 1706 Κάτωνα
904 1631 1140 1717 ταδ’Σκιπίωνα,
1167 1635 1281 1724 Βροίιτι)

203 1728 254 1831 τρο
271 1726 349 1803 ἐντὸς
365 1720 496 1792 ’Ἀλπεων
514 1731 662 1792 Γαλατίαν
680 1733 845 1812 ἐπέτρεψεν,
867 1727 981 1811 εὐτυχία
1002 1731 1056 1793 τινὶ
1072 1727 1123 1808 τῆς
1141 1729 1280 1830 ἐπαρχίας·

204 1841 257 1889 τας
282 1811 336 1918 γάρ
361 1805 456 1888 ellim}
478 1808 555 1898 ὕβρει
581 1817 630 1876 καὶ
655 1815 802 1893 πλεονεξία
830 1814 886 1876 τῶν
918 1818 1161 1893 πεπιστευμένων,
1196 1833 1282 1892 ωσπερ

143 1907 148 1924 ’
205 1903 413 1984 αιχμαλωτους,
435 1893 662 1984 διαφορούντων,
683 1903 797 1972 ἐκείνοις
814 1903 863 1962 καὶ.
879 1899 935 1962 τῶν
951 1894 1082 1981 πρόσθεν
1100 1892 1281 1986 ἀτυχημάτων

205 1987 304 2050 παῦλα
330 1989 379 2048 καὶ
405 1989 580 2068 παραμυθία
602 1984 731 2068 Βροῦτος
754 1977 803 2066 ἦν,
829 1988 880 2048 καλ
904 1981 954 2066 τὴν
979 1981 1060 2068 χάριν
1085 1989 1123 2058 είς
1149 1987 1281 2064 Καίσαρα

205 2067 319 2134 πάντων
341 2071 476 2152 ἀνῆπτεν·
504 2069 542 2144 ὡς
563 2067 641 2148 αὐτῷ
667 2067 741 2171 μετά
760 2066 816 2152 τὴνι
833 2065 973 2134 ἐπάνοδον
993 2065 1129 2154 περιιόντι
1152 2065 1203 2152 τὴν
1220 2067 1281 2130 Ἰτα-

205 2161 269 2220 λίαν
290 2150 404 2238 ἥδιστον
426 2161 528 2238 θέαμα
549 2153 601 2229 τάς
621 2155 678 2218 ὑπο
695 2151 817 2240 Βρυάτῳ
839 2151 936 2229 πόλεις
957 2161 1103 2238 γενέσθω,
1127 2157 1178 2218 καί
1199 2151 1280 2236 Βροῦ-

142 2243 143 2252 ’
205 2265 254 2306 τον
276 2239 379 2317 αὐτὸν,
406 2232 531 2318 αὔξοντα
552 2238 602 2323 τὴν
624 2245 729 2308 ἐκείνω
751 2237 833 2324 τιμὴν
858 2237 1051 2308 salombreae
1075 2244 1279 2324 κεχαρισμένως.

206 2328 310 2390 Brutus
324 2349 342 2388 a
356 2329 481 2390 Caesare
497 2328 606 2388 Galliae
622 2329 781 2412 Cisalpinae
795 2329 959 2408 praelectus
973 2338 1018 2388 est
1035 2347 1061 2387 a.
1078 2327 1111 2387 U.
1128 2328 1192 2388 767
1212 2325 1278 2400 (47).

205 2436 232 2476 v.
253 2416 313 2474 Cic.
333 2414 435 2494 Episu.
456 2414 551 2474 Famil.
571 2415 602 2485 6,
620 2415 649 2474 6.
668 2414 735 2474 Vol.
753 2420 783 2476 4.
802 2436 830 2496 p.
849 2415 922 2474 424.
942 2413 1058 2474 Scbntz.
1095 2412 1131 2472 bi
1151 2409 1281 2474 successit

208 2500 240 2560 C.
259 2500 360 2559 Vibius
384 2497 489 2571 Pansa,
517 2500 564 2579 qui
588 2502 643 2558 iam
666 2519 692 2558 aa
713 2498 739 2558 d.
759 2502 777 2559 3
798 2499 861 2559 Kal.
881 2497 1025 2560 lanuarias
1048 2519 1073 2560 a.
1093 2499 1167 2560 707.
1191 2497 1280 2558 urbem

209 2584 357 2666 paludatus
375 2585 569 2664 relinquebat,
593 2595 623 2643 ut
641 2595 686 2644 est
703 2583 809 2644 ibidem
827 2587 877 2656 15,
897 2585 947 2646 17.
966 2584 1032 2644 Vol.
1052 2585 1080 2644 5.
1100 2605 1127 2664 p.
1148 2585 1210 2655 63.,
1227 2577 1279 2650 sed,

207 2680 239 2730 ut
267 2667 404 2730 Scbutzio
429 2669 556 2740 videtur,
588 2689 644 2730 non
671 2680 702 2729 ut
728 2670 757 2728 in
783 2671 872 2749 ipsam
898 2671 1073 2750 provinciam
1101 2670 1210 2740 abiret,
1237 2661 1295 2726 sed.

209 2755 331 2814 luctasse
359 2755 508 2833 ioniique
533 2755 600 2816 villa
627 2766 868 2814 commoraturus:
898 2757 991 2816 serius
1018 2756 1093 2816 enim
1121 2754 1227 2816 Cicero
1251 2745 1280 2809 ud

109 2907 114 2920 ³
207 2839 335 2900 Atticum
358 2831 413 2912 12,
438 2841 488 2901 17.
515 2840 581 2899 Vol.
605 2840 634 2900 5.
661 2861 688 2921 p.
712 2841 763 2902 98.
788 2840 904 2900 scribit:
936 2843 1052 2901 Paucae
1072 2838 1280 2919 prosectionem

127 2985 131 3006 ¹
207 2926 332 2997 scribes,
360 2945 445 3005 quum
466 2928 558 2999 scies,·
588 2945 660 3005 quae
683 2926 804 3006 epistola
827 2924 893 2986 data
915 2936 959 3004 est
986 2945 1082 2985 meuse
1105 2925 1191 2986 Mart.
1209 2943 1235 2982 a.
1253 2917 1280 2978 U·

209 3011 270 3072 708
296 3012 372 3086 (46).
416 3010 455 3072 Et
480 3031 577 3072 rursus
600 3009 674 3070 idem
696 3009 733 3072 ad
755 3010 880 3072 Atticum
904 3011 1028 3083 12,14.
1052 3009 1119 3070 Vol.
1139 3013 1169 3071 5.
1192 3029 1219 3089 p.
1236 3005 1280 3066 91.

208 3099 334 3156 murtiae
353 3108 449 3158 cutem
474 3097 593 3172 (scribas
612 3096 648 3167 ad
667 3098 840 3168 mavelim),
864 3100 962 3156 Panse
980 3097 1096 3174 quando
1115 3115 1158 3158 sc.
1178 3097 1204 3154 in
1223 3109 1281 3170 pro·

209 3183 331 3241 vinciam
350 3173 444 3241 abeat.
489 3181 562 3242 Dein
582 3203 678 3242 rursus
697 3181 733 3242 ad
752 3181 871 3242 cundem
890 3183 945 3253 12,
966 3183 1016 3242 19.
1035 3181 1101 3240 Vol.
1121 3183 1151 3241 5.
1171 3201 1198 3260 p.
1217 3176 1280 3237 llll.

103 3324 113 3342 ,,
211 3266 237 3344 ξ.
257 3267 302 3328 5.:
330 3270 428 3326 Panse
449 3269 479 3326 si
498 3269 599 3340 bodie,
623 3279 658 3328 ut
673 3267 816 3346 putabas,
834 3264 989 3346 profectus
1007 3277 1063 3337 est,
1083 3268 1211 3346 partirer
1232 3263 1280 3321 inm

211 3353 333 3430 rircr‘prr'to
355 3351 486 3410 συνίδετε
510 3353 551 3416 ud
571 3372 630 3428 me,
654 3355 694 3416 ,ιίε
717 3355 808 3412 Bruti
829 3353 956 3412 educata
980 3353 1051 3430 quid
1072 3360 1235 3430 respectes,
1256 3342 1283 3402 ἰί

212 3446 258 3496 est
278 3455 349 3514 quos
371 3438 411 3494 σοί
432 3438 502 3496 dies.
547 3436 608 3496 Hae
630 3437 715 3498 binae
738 3437 845 3506 literae¹
864 3435 964 3496 eodem
988 3455 1086 3496 mense
1110 3435 1193 3496 datae
1216 3437 1280 3492 snut·
1327 3461 1328 3478 ι

112 3541 124 3556 ·
211 3519 335 3580 Tandem
355 3520 435 3580 bruti
454 3519 596 3582 discessus
619 3543 636 3584 e
660 3522 807 3600 provincia
825 3521 1046 3600 exspectabatur
1063 3521 1127 3582 Kal.
1146 3515 1281 3600 Aprilibus

213 3627 239 3666 a.
255 3605 288 3666 U.
304 3607 365 3666 708
386 3607 462 3681 (46),
481 3616 512 3666 nt
529 3617 574 3666 est
590 3607 619 3664 in
633 3607 737 3686 Epistt.
753 3607 788 3666 ad
801 3605 891 3666 Aonie.
907 3609 957 3679 12,
972 3607 1023 3667 27.
1042 3607 1110 3666 Vol.
1127 3607 1156 3668 5.
1175 3627 1201 3686 ρ.
1218 3601 1280 3662 120·
1327 3645 1328 3674 ,

213 3693 267 3764 12,
286 3693 337 3751 29.
356 3712 384 3770 p.
403 3691 520 3769 124).
539 3693 590 3752 35.
1327 3701 1328 3736 l

289 3776 314 3853 ἓ.
322 3778 373 3838 35.
394 3779 505 3836 Catone
516 3777 660 3836 absolate.
679 3775 723 3836 De
733 3777 890 3836 imitatione
902 3775 982 3837 buius
992 3778 1049 3836 loci
1061 3775 1134 3856 apud
1144 3783 1280 3838 auctorem
1327 3769 1328 3840 l

213 3859 327 3938 Dialogi
351 3860 386 3920 de
409 3861 571 3920 oratoribus
594 3863 702 3922 monuit
725 3861 903 3922 Klossmanu.
923 3863 1054 3942 prolegg.
1069 3863 1100 3920 in
1120 3863 1183 3922 eum
1202 3854 1281 3918 dialu·
1327 3841 1328 3912 l

214 3965 279 4024 gum
299 3947 429 4021 (Vratisl.
444 3948 536 4006 1833.
551 3952 593 4020 4.)
614 3969 641 4028 p.
655 3952 686 4006 4.
701 3946 766 4006 adn.
795 3946 913 4020 Quando
929 3948 999 4006 Cilo
1015 3969 1030 4008 a
1047 3948 1188 4008 Cicerone
1206 3941 1281 4002 abso·
1327 3967 1328 4014 χ

214 4031 288 4090 lutus
305 4032 351 4103 sit,
372 4033 490 4110 exposui
509 4033 537 4090 in
548 4032 764 4111 Prolegomenis
783 4032 924 4111 prioribus
939 4033 966 4110 ξ.
976 4036 1007 4094 2.
1021 4033 1072 4092 sub
1093 4033 1132 4092 lit.
1144 4031 1178 4090 D.
1188 4049 1214 4109 p.
1223 4019 1277 4084 111·

215 4115 296 4190 Quod
315 4127 509 4194 argumentum
530 4117 615 4176 luerit
634 4118 751 4178 Catonis
768 4117 903 4188 Tulliani,
928 4120 1068 4198 suspicari
1088 4119 1157 4178 licet
1174 4135 1210 4176 en
1227 4108 1279 4168 l‘ln·
1327 4129 1328 4134 ’

214 4201 307 4260 turchi
325 4202 361 4261 V.
381 4199 442 4260 Cic.
462 4222 488 4262 c.
507 4203 558 4262 39.
581 4208 612 4266 br
634 4203 666 4265 di
687 4195 791 4268 subscr
812 4205 927 4264 διετίλει
951 4205 1076 4277 (Caesar
1098 4203 1137 4262 M.
1154 4197 1276 4260 Tullium)
1327 4211 1328 4278 f

214 4283 303 4364 τιμῶν
328 4287 376 4359 καλ
402 4282 675 4368 φιλοφρονούμενος,
706 4279 778 4350 ὥστε
804 4290 852 4350 καὶ
879 4282 1021 4368 γράψαντι
1047 4282 1131 4368 λόχον
1156 4275 1278 4366 sexbur
