2746 4994
268 501 271 506 .
292 455 345 512 ΕΤ
360 455 494 510 'ffllBUS
511 453 592 521 MSS
608 449 948 511 GUELFERBYTANIS.
1087 451 1162 520 165

166 627 200 688 G.
217 629 269 692 33.
295 632 322 707 5.
342 629 425 692 1313
446 629 535 708 qualis
562 647 626 688 esse
650 626 768 704 debeat)
794 627 884 706 qualis
906 625 1013 686 debeat
1035 644 1100 684 esse
1117 659 1161 669 —

82 724 111 771 et
128 714 257 773 referunt
273 735 308 776 ac
327 721 453 785 movent)
473 733 507 776 ac
526 715 671 773 referunt:
692 725 723 773 et
740 723 857 773 mouent
874 733 913 760 '—
932 715 959 791 5.
971 716 1040 775 135.
1060 709 1162 770 eadem

80 799 153 856 ratio
179 810 224 858 est
246 800 361 874 borum)
393 795 494 860 eade'm
517 810 562 860 est
582 800 656 858 ratio
684 800 711 858 b.
735 833 775 846 -
799 809 848 856 aut
870 799 898 855 in
920 803 1087 877 utrumque)
1113 805 1164 856 ont

81 887 290 962 utrumque-—
310 885 515 964 nosmetipsi)
544 886 756 962 nosmetipsos
780 919 818 930 -
848 883 1034 956 exolamatio)
1063 882 1162 962 expla-

80 970 215 1029 natio—
233 972 279 1030 vel
298 967 523 1050 conquestionis)
547 971 594 1030 uel
617 969 836 1050 questionis-
860 973 1058 1040 commutatur)
1084 989 1163 1028 eorn-

80 1065 279 1114 nutautur—
302 1057 329 1134 5.
349 1061 419 1119 136.
438 1055 647 1116 Demosthenes
665 1057 764 1127 utitur)
785 1054 993 1115 Demosthenes
1010 1064 1160 1112 utatur-
1202 1049 1203 1054 ’

79 1159 133 1199 nec
156 1139 234 1200 alind
257 1141 407 1220 quidquam
431 1148 486 1214 est)
510 1161 565 1201 nec
588 1141 737 1221 quicquam
757 1151 802 1200 est
818 1139 952 1198 aliud-
976 1139 1031 1198 uisi
1050 1145 1159 1213 omnes)

79 1227 133 1284 nisi
151 1237 201 1285 aut
217 1245 354 1286 ornnes.

164 1311 197 1370 C.
216 1316 274 1376 10.
287 1314 313 1391 5.
334 1317 404 1376 137.
428 1291 547 1372 eandem
570 1323 600 1371 ct
621 1333 703 1372 unam
731 1331 791 1372 rern
815 1322 846 1370 et
867 1311 1017 1370 baereat
1009 1331 1037 1368 ιιι
1044 1269 1162 1370 ‘eadem

80 1409 328 1476 commoreturque
351 1399 525 1470 sententia)
522 1395 645 1458 eadem.
668 1409 700 1456 ut
720 1417 803 1456 unam
826 1377 855 1456 id
877 1413 939 1456 reru
953 1395 1066 1456 berrat
1086 1406 1116 1454 et
1133 1397 1162 1455 in

80 1483 197 1544 eundem
222 1495 417 1543 commoretur
438 1484 670 1543 seutentiam-
631 1485 722 1563 --5.
747 1488 818 1546 138.
842 1481 1127 1562 interpellatorem)
1118 1502 1164 1540 rn-

79 1571 222 1648 terpellet.
246 1580 453 1631 oratorem·—
477 1580 509 1628 ut
529 1569 688 1635 denuntiet)
709 1579 740 1628 et
757 1568 964 1628 denuntiet
983 1567 1011 1644 5.
1031 1571 1100 1632 133.
1119 1578 1166 1626 at-

81 1675 133 1734 que
152 1656 222 1715 alias
242 1657 339 1728 etiarn)
359 1666 445 1734 atque
463 1656 492 1714 in
510 1656 580 1714 alias
599 1656 694 1720 etiam.

163 1741 196 1800 (1.
214 1747 267 1804 11.
287 1741 398 1818 5..113
415 1742 470 1800 etsi
488 1741 651 1810 movebant)
672 1742 726 1799 etsi
745 1761 801 1801 non
820 1711 1030 1798 mouebant-
1050 1740 1160 1817 §mitt

79 1825 129 1886 sed
155 1829 178 1885 si
207 1827 373 1907 profiterer)
400 1824 453 1886 sed
480 1827 504 1890 si
530 1827 734 1914 profitear—
762 1826 943 1893 aestimator)
973 1826 1162 1884 existimator.

78 1909 156 1990 cons.
173 1913 401 1975 Drakenborch.
421 1914 462 1972 ad
477 1914 539 1970 Lib.
560 1903 661 1986 312.
679 1917 709 1974 5.
734 1913 811 1970 Tam.
832 1916 882 1974 to.
895 1931 930 1989 p·
950 1915 1057 1973 15.-
1018 1928 1164 1988 -prae·

81 1996 144 2055 sidii
160 1999 310 2078 plurimum
329 2004 420 2070 esset)
438 1996 572 2076 presidii.
591 1998 739 2076 plurimum
759 2007 864 2057 essent
970 1993 977 2014 ‘
1222 2009 1225 2014 '

164 2084 196 2143 (1.
215 2088 268 2146 12.
286 2086 313 2161 5.
333 2088 403 2146 113.
427 2092 457 2141 et
483 2081 657 2142 discentibus
678 2073 893 2156 satisfacerent)
920 2081 1095 2142 discentibus
1118 2100 1164 2140 sa·

82 2167 312 2229 tistnceront-
272 2187 383 2227 -nos
402 2176 503 2225 contra
521 2169 643 2226 fortasse
661 2173 822 2245 possumus)
849 2187 901 2226 uos
921 2179 1022 2226 contra
1040 2168 1164 2226 fortasse

80 2271 226 2331 possumus
244 2254 344 2312 melius
362 2251 529 2312 docere-
552 2247 580 2330 5.
599 2258 668 2314 111.
691 2253 716 2310 si
733 2251 988 2331 percunctando
965 2273 990 2312 ει
1009 2253 1165 2310 commuui-

81 2339 183 2412 cando)
213 2339 236 2398 si
261 2336 474 2417 percontandos
508 2339 531 2396 si
559 2336 808 2396 commemorando
836 2371 877 2382 --
903 2338 1003 2397 nescio
1030 2335 1164 2396 docendo
1291 2385 1298 2399 .

80 2425 165 2484 etiam
188 2423 294 2501 aliquid
316 2421 468 2500 aliquando
487 2423 511 2481 si
529 2423 622 2501 possis
640 2423 775 2484 meliores
794 2424 892 2482 facere
909 2442 967 2482 r‘eutr
989 2423 1091 2494 aolisl)
1112 2441 1166 2482 ne*
1250 2489 1253 2500 ¹

80 2511 142 2569 scio
162 2529 228 2568 cur·
247 2528 309 2566 cnm
323 2507 456 2567 docendo
471 2509 597 2568 etfama.
612 2528 639 2566 a.
653 2509 748 2586 possis
763 2509 863 2569 melius
876 2509 993 2568 facere·
1014 2527 1066 2566 cur
1079 2508 1163 2568 nolis.

168 2593 200 2652 (1.
219 2598 270 2656 13.
289 2595 403 2672 5117.
422 2595 469 2672 qui
487 2604 576 2668 vetat,
595 2605 685 2654 artem
703 2593 811 2672 pudore
828 2595 960 2676 proloqui
980 2613 1060 2673 quarn
1080 2594 1166 2653 facti-

79 2684 135 2752 tes)
161 2678 228 2757 quid
250 2673 331 2739 ucles
350 2683 461 2741 artent?
486 2679 575 2759 pudet
596 2699 630 2738 ea
651 2679 784 2760 proloqui
807 2699 861 2758 que
884 2679 997 2739 lectites
1021 2715 1060 2726 -
1083 2680 1166 2738 volu-

79 2773 156 2841 men)
176 2766 378 2825 uolumine—
402 2765 428 2842 §.
449 2771 519 2829 118.
541 2783 622 2828 meae
642 2767 773 2826 forenses
791 2772 884 2837 artes)
905 2785 950 2824 rue
969 2765 1100 2827 forenses
1117 2784 1167 2825 ar·
1186 2771 1189 2778 “

79 2861 187 2910 tes-
212 2871 284 2929 quac
308 2851 421 2929 quidem
444 2859 500 2923 me)
525 2869 579 2930 qne
604 2851 779 2930 quidem-
803 2851 966 2910 forensibus
989 2852 1094 2910 nostris
1117 2869 1166 2910 re·

79 2937 145 3006 bus)
165 2936 329 2995 forensibus
347 2937 461 3018 postris.
1081 2925 1086 2962 ¹
1153 2977 1155 2984 .

166 3020 199 3080 (1.
210 3027 261 3084 11.
280 3023 306 3100 5.
324 3026 394 3085 113.
412 3032 444 3080 ιιι
461 3023 511 3081 liat
529 3023 607 3100 quasi
627 3025 781 3095 structura)
802 3032 847 3082 est
865 3023 939 3080 eninr
959 3023 1037 3100 quasi
1060 3031 1111 3080 str.
1123 3051 1162 3068 -

79 3127 134 3168 nee
154 3118 246 3167 utnon
259 3107 314 3164 ¹bat
332 3115 467 3186 operose)
487 3101 544 3168 bec
561 3107 590 3167 id
608 3113 701 3166 umen
719 3108 769 3167 liet
788 3125 912 3186 operoso
931 3140 970 3154 --
990 3127 1053 3166 narn
1071 3110 1162 3184 esset)

81 3214 145 3252 narn
168 3203 272 3252 est-
295 3193 386 3252 lexeis
405 3198 580 3272 compostae)
604 3193 676 3259 lexis
695 3194 870 3272 compositos
883 3190 962 3272 cons.
980 3197 1011 3256 8.
1033 3194 1069 3251 de
1089 3194 1165 3251 θνα·
1235 3223 1239 3233 «
1269 3167 1279 3196 ’

81 3289 146 3338 tore
165 3299 190 3338 c.
210 3283 262 3341 13.
280 3281 306 3356 5.
327 3285 408 3349 171,
426 3279 479 3338 ubi
493 3282 657 3338 Pannortz.
677 3299 705 3338 a.
723 3283 813 3342 1163.
832 3299 915 3359 quarn
934 3277 1028 3356 lepida
1046 3278 1165 3358 synthe-

79 3365 119 3423 sis
139 3363 314 3443 composite:
339 3373 371 3422 ut
392 3365 533 3423 tesserula
556 3383 654 3424 omnes
668 3373 738 3424 arte
761 3365 923 3444 pauimento
942 3383 976 3422 ac
995 3363 1165 3423 emblemate

81 3452 269 3510 uermiculato
289 3485 328 3495 -
351 3449 379 3527 5.
400 3455 470 3515 150.
489 3469 551 3508 cum
571 3447 786 3528 insequentibus
803 3451 913 3529 primis)
933 3449 1164 3527 insequentibus

78 3537 177 3615 primis
195 3569 236 3580 ·-
256 3541 432 3614 gravesque)
453 3554 594 3614 grauesue
614 3571 653 3582 --
673 3537 720 3614 qui
741 3537 858 3596 vocales
880 3536 952 3594 nolit
973 3537 1161 3613 coniungere)

17 3625 26 3634 ‘
81 3621 148 3701 quin
171 3620 279 3679 uocalis
303 3623 494 3680 nolite-
518 3621 545 3697 5.
574 3625 644 3686 151.
664 3623 751 3686 etiarn
774 3621 983 3701 Tbeopornpnrn
1007 3621 1166 3698 reprehen-
1245 3651 1256 3670 s

80 3705 162 3776 dunt)
187 3705 397 3786 Theopompum
420 3709 505 3766 etiarn
528 3707 833 3786 reprehenderunt
793 3713 932 3764 tanto
950 3713 1050 3784 opere)
1070 3717 1164 3766 tanto*

80 3810 211 3870 pere-
172 3793 259 3848 -in
277 3793 407 3870 populari
425 3794 567 3866 oratione)
591 3795 619 3851 in
637 3793 776 3872 populari.
887 3832 889 3836 .

169 3874 201 3934 (1.
224 3881 275 3938 15.
295 3875 322 3952 §-
343 3880 413 3940 152.
432 3877 568 3992 Histrprn)
589 3877 754 3936 lstrum-
778 3876 869 3953 Graii)
889 3857 1020 3935 ¹(irai
1040 3875 1161 3950 etesiae)

81 3972 114 4022 et
129 3970 292 4019 estere-
321 3963 346 4039 5.
367 3965 438 4024 153.
460 3963 519 4022 vas'
538 3951 696 4041 argenteis)
720 3963 801 4022 uluas
818 3962 1021 4041 argentias
1039 3962 1114 4040 pass'
1134 3970 1165 4019 et

81 4046 219 4122 crinibus)
237 4046 342 4124 palma:
366 4056 397 4104 et
414 4047 540 4106 crinibus
559 4079 599 4103 .-
617 4059 648 4108 et
664 4045 728 4106 duis
744 4047 800 4121 bis)
820 4059 850 4107 et
867 4045 956 4107 diuis:
980 4046 1091 4107 dis—
1110 4066 1165 4105 no·

42 4175 50 4184 .
81 4134 271 4205 minaverunt)
295 4133 474 4190 nominarunt
498 4165 537 4176 ——
560 4143 590 4192 et
611 4134 728 4206 taxillis)
753 4144 783 4193 et
807 4134 902 4193 axillis
928 4167 966 4178 -
995 4143 1026 4191 et
1046 4132 1163 4212 paxillo)

83 4227 113 4276 et
130 4218 256 4296 parixillo
286 4249 327 4262 —-
353 4219 380 4296 5.
403 4223 473 4282 151.
495 4219 615 4296 nequire
637 4239 690 4297 pro
709 4229 765 4278 non
784 4221 880 4300 quire)
898 4218 1018 4297 nequire
1035 4239 1087 4298 pro
1106 4235 1168 4278 noa¹

82 4303 196 4380 inquire
216 4339 255 4350 -
274 4314 305 4364 et
323 4302 439 4381 exinde)
460 4314 490 4362 et
506 4323 560 4384 pro
577 4303 692 4364 exinde.
