2710 4996
369 495 463 549 cnl‘.
490 495 616 550 XlNlll.
647 495 811 550 ton-tue.
1063 494 1133 560 l'ldlb

141 669 199 744 (lui
214 676 260 727 ert
274 668 401 728 omnibu’
415 671 566 748 princeps.
593 667 629 727 E.
643 667 807 748 Spnugeub.
822 667 975 728 collocavit
993 670 1020 728 ia
1036 667 1133 730 Anna-

61 749 127 809 libus
140 752 223 811 Ennii
241 755 271 824 6,
285 755 315 812 6.
335 775 362 833 p.
378 755 439 824 78..
458 753 504 815 utu
523 752 639 826 „Ennii
657 756 707 827 ait,
726 753 823 814 volunt
841 774 906 814 esse
925 755 1133 816 hemistichium

61 837 117 907 alii,
134 837 240 922 Lucilii
254 840 316 911 alii,
335 849 367 897 ut
385 837 557 898 Schirach.“
964 902 969 913 ,

138 942 199 998 uita
222 941 275 999 illa
298 941 409 1018 drpnu’.
446 940 498 1000 Est
520 939 622 999 Lucilii
645 940 863 1000 hemistichium.
899 941 1017 1018 Integer
1035 963 1134 1002 versus
1234 939 1243 960 ⁴

62 1022 173 1082 6666166
194 1027 221 1082 16
243 1025 354 1092 Tusce.
371 1025 449 1104 llisp.
473 1029 507 1096 2,
532 1027 586 1098 17,
609 1027 660 1085 41.
697 1025 818 1086 Scurra.
853 1026 893 1085 At
915 1027 949 1085 E.
969 1027 1134 1106 Spongeuh.

61 1111 148 1187 posuit
169 1110 196 1167 in
218 1109 303 1170 Ennii
324 1109 479 1182 6166617,
504 1111 554 1169 61.
578 1111 630 1169 666
654 1131 716 1170 666
739 1111 941 1171 adnotatione:
978 1113 1076 1182 „Citat
1098 1133 1136 1173 ex

62 1192 147 1252 Ennio
164 1195 332 1254 Victorinus
350 1195 386 1255 dc
405 1197 700 1256 metrorum‘ratione.
737 1196 865 1256 lmitatur
885 1196 978 1255 Lucil.
997 1196 1135 1257 861163.
1184 1193 1186 1199 ’

61 1277 306 1421 εὲ6611Ν66166έι
339 1281 411 1364 lilar.
434 1281 577 1342 Victoriu.
600 1280 636 1340 de
663 1283 776 1342 ratione
800 1293 882 1342 metr.
904 1298 932 1363 p.
956 1283 1050 1343 1963.
1085 1284 1136 1342 Sic

84 1383 182 1424 nnius.-
481 1399 483 1410 ·

340 1443 395 1498 '‘—
414 1453 477 1528 pitn
499 1453 554 1511 illu
577 1451 685 1530 dagnus
706 1450 838 1532 locoque.

63 1537 142 1609 quusi
156 1537 291 1596 demerita·
905 1611 907 1616 Ι

350 1655 393 1667 —
415 1624 477 1681 vito
499 1623 553 1681 illu
576 1623 667 1700 dignu
689 1622 821 1701 locoque.

63 1719 169 1792 Quintil.
188 1725 217 1795 9,
236 1727 268 1795 4,
287 1725 338 1784 37.
369 1725 500 1782 Ceterum
519 1734 714 1783 consonantes
733 1746 855 1804 quoque,
875 1745 1031 1803 eorumque
1044 1745 1137 1804 prue-
1198 1771 1201 1780 ,

64 1807 152 1882 capue,
175 1829 252 1886 puae
269 1819 341 1868 sunt
355 1798 535 1888 asperiores,
558 1811 587 1868 in
612 1812 798 1868 commissura
815 1811 969 1869 uerborum
985 1812 1135 1882 6666666,

64 1900 91 1947 61
108 1893 130 1950 S
149 1895 254 1952 ultimo
276 1903 338 1953 cum
360 1897 395 1953 X
407 1897 562 1972 praessurae,
591 1914 712 1974 qaorum
735 1898 851 1955 tristior
872 1897 974 1967 etiam,
1000 1897 1029 1954 si
1049 1895 1137 1956 binae

64 1977 250 2049 collidantur,
269 1981 382 2038 stridor
400 1990 455 2050 est,
475 1990 510 2038 ut
523 1983 586 2040 Ars
603 1981 774 2039 studiorum.
822 1983 903 2058 Quae
916 1979 985 2058 suit
1000 1999 1089 2040 causa
1109 1990 1140 2040 et

64 2060 158 2121 Seruio
183 2069 235 2134 (ut
256 2065 335 2138 dini)
359 2065 578 2124 subtrahendae
598 2065 622 2122 S
643 2067 763 2136 literae,
792 2068 904 2143 qreoties
926 2067 1029 2125 ultima
1052 2075 1137 2138 esset,

66 2146 175 2224 alioque
197 2159 379 2213 consonante
400 2151 608 2226 susceperetur.
652 2151 845 2230 Numaeque
867 2152 1011 2212 Lucilium
1027 2159 1141 2231 putant

65 2231 106 2288 uti
120 2236 218 2294 eadem
239 2236 355 2306 albina,
374 2254 437 2294 eum
456 2235 530 2293 dicit
864 2245 871 2256 '

106 2390 108 2399 γ
439 2353 483 2366 -
498 2339 620 2378 serenus
632 2316 702 2398 suit

66 2407 93 2458 et

85 2553 87 2558 ,
164 2481 166 2488 ’
441 2521 483 2535 -
501 2491 607 2568 dagnus
625 2491 757 2568 locoque,

67 2577 94 2628 et
119 2575 219 2636 Cicero
253 2577 294 2635 in
317 2571 443 2634 Oratore
469 2577 574 2654 plures
605 2577 790 2654 antiquorum
821 2575 916 2634 trudit
942 2577 986 2635 sic
1017 2576 1139 2636 locutos.

67 2650 105 2714 lle
123 2659 192 2720 elisa
209 2679 265 2740 pec
282 2662 457 2740 antiquiores
475 2660 594 2719 Latinos
612 2662 696 2720 litera
713 2681 728 2719 s
745 2679 771 2718 v.
788 2661 903 2734 Quintil.
921 2661 1027 2719 ibidem
1046 2661 1072 2738 ξ.
1088 2663 1139 2722 38.

68 2737 96 2797 G.
119 2742 213 2805 Herm.
244 2745 343 2806 Elem.
362 2745 455 2805 doctr.
482 2755 564 2805 metr.
592 2767 619 2826 p.
643 2747 681 2804 61
707 2765 748 2826 sq.
776 2745 810 2805 L.
830 2745 997 2806 Schneider
1019 2747 1067 2805 Gr.
1091 2747 1139 2805 lat.

67 2824 96 2896 la
114 2830 142 2887 1.
161 2851 187 2909 p.
207 2832 281 2892 346.
301 2842 331 2891 61
349 2829 461 2890 Freuud
479 2833 508 2888 iu
527 2851 648 2890 censura
666 2831 751 2890 Pottii
773 2831 859 2910 (apud
878 2831 1003 2890 lahuiuur
1022 2830 1060 2889 N.
1079 2831 1141 2890 lbh.

66 2907 199 2976 tt‘titot.
225 2936 252 2974 u.
273 2915 378 2994 Padag.
398 2918 491 2976 1836.
513 2917 585 2974 1666.
605 2919 647 2988 1.)
672 2937 699 2994 p.
719 2917 759 2975 25
778 2936 819 2995 sq.
866 2915 945 2974 llaec
972 2917 1055 2974 elisio
1083 2917 1143 2973 lnc-

67 3011 149 3071 queas
166 2995 243 3082 apud
256 3001 386 3072 Ennium,
405 2999 584 3080 frequentior
601 3000 676 3080 apud
689 3001 838 3070 Lucilium,
857 3020 924 3060 rara
941 2999 1016 3080 apud
1032 2999 1143 3060 Lucre-

67 3079 128 3142 tium
147 3099 205 3160 cst,
227 3097 257 3147 61
274 3088 302 3145 ia
320 3085 436 3146 Arateis
453 3105 543 3165 usque
561 3085 599 3144 M.
619 3085 701 3144 Tullii
720 3087 874 3164 reperitur.
1206 3078 1212 3098 '

148 3198 205 3248 tum
226 3198 272 3248 est
287 3185 409 3265 briefen.
435 3187 511 3260 Mire
529 3187 584 3246 hoc
603 3188 668 3248 loco
685 3187 862 3247 Goerenzius
880 3185 916 3248 de
931 3186 1010 3246 Fiuu.
1023 3188 1051 3258 l,
1068 3187 1096 3256 1,
1113 3188 1142 3245 1.

68 3272 186 3348 suppleri
214 3274 294 3334 iubet
320 3292 405 3351 quara
427 3275 522 3332 docui.
560 3272 722 3352 Simplicius
749 3283 869 3352 utroque
896 3274 962 3332 loco
989 3283 1034 3343 et,
1061 3291 1144 3352 quem

67 3367 215 3426 practerea
238 3359 337 3429 affert,
359 3356 395 3416 ad
417 3356 506 3418 Attio.
530 3359 584 3430 13,
607 3360 658 3418 25.
681 3358 912 3436 interpretabere
937 3367 1019 3417 tanto
1044 3369 1181 3435 operef
1264 3379 1267 3386 ¹

69 3433 116 3496 01¹·
153 3443 189 3502 Ut
217 3455 274 3504 tam
299 3442 441 3502 Goerenz.
465 3444 519 3502 hoc
547 3444 612 3502 loco
635 3443 749 3502 volebat
771 3437 897 3522 elliptice
923 3445 1044 3524 positum
1069 3461 1144 3513 6666,

69 3539 149 3600 quom
166 3530 328 3602 intellecta,
348 3529 387 3586 ita
407 3530 579 3608 interpretes
598 3527 635 3588 ad
651 3529 742 3588 Tacit.
761 3525 865 3588 Annal.
883 3530 913 3601 3,
932 3531 962 3590 8.
981 3528 1144 3600 observant,

70 3614 123 3667 lura
141 3631 340 3693 nonuunquam
359 3615 450 3673 omitti
468 3625 534 3674 6616
553 3619 658 3694 petora.x
745 3628 749 3636 “

149 3713 175 3792 ἕ.
192 3717 263 3775 162.
281 3719 311 3774 si
325 3718 381 3777 boe
399 3719 435 3776 de
453 3738 487 3776 rc
505 3737 564 3776 uno
583 3719 760 3796 disputarem
779 3716 798 3776 i.
814 3735 841 3775 e.
859 3717 884 3775 si
902 3716 955 3775 hac
975 3713 1010 3776 de
1029 3735 1062 3775 66
1081 3713 1148 3774 (1616

71 3807 155 3872 011116
175 3800 427 3875 (ausschliesslich)
454 3799 637 3881 disputarem.

152 3899 178 3978 ἓ.
202 3903 274 3962 163.
303 3905 388 3962 Duae
413 3914 484 3962 sunt
508 3905 602 3981 agitur
626 3923 684 3962 res.
721 3899 876 3978 Distinguit
902 3899 1014 3982 quidem
1042 3901 1148 3960 Cicero

70 3995 165 4044 sonum
184 4007 201 4045 a
219 4006 347 4060 numero,
366 3997 395 4046 61
413 3989 555 4066 praecipit
573 3985 657 4046 modo
677 3985 713 4054 de
731 3985 883 4046 verborum
901 3986 975 4046 hene
990 3987 1150 4046 sonantium

70 4072 99 4120 el
118 4081 200 4130 recte
224 4071 412 4131 finiendorum
435 4073 562 4143 ratione,
590 4091 663 4150 quac
686 4071 734 4130 vin
755 4071 811 4130 rite
834 4091 852 4129 a
874 4091 991 4131 numero
1019 4069 1150 4150 separari

69 4163 151 4222 posse
170 4155 293 4218 videtur.
338 4155 458 4236 Spectat
476 4157 564 4234 igitur
581 4169 679 4215 66666
698 4155 733 4214 66
752 4167 815 4216 6616
833 4158 936 4234 magis,
961 4175 1043 4234 quam
1062 4175 1079 4213 a
1096 4154 1169 4214 liu-'

71 4249 142 4304 guae
160 4253 261 4306 661666
279 4241 460 4322 pendentem.
489 4240 547 4302 Sed
567 4242 648 4321 plura
665 4253 780 4301 veteres
799 4241 852 4301 hac
870 4243 899 4300 in
917 4251 999 4321 parte
1017 4250 1150 4320 peccaut.

71 4311 216 4388 8016666.
250 4329 373 4392 Excurs.
396 4330 425 4388 2.
448 4327 490 4388 ad*
513 4327 574 4387 Cic.
602 4325 638 4387 de
665 4326 758 4406 Legg.
785 4348 814 4408 p.
837 4329 911 4386 294.
932 4324 997 4386 adu.
1033 4325 1152 4397 Sauum,
