2678 4974
221 443 288 504 ΗΟ
391 439 651 493 commeatuum
671 437 710 490 IN
729 437 921 494 eleemonis
941 438 1156 490 OllA'l'ORldM.

226 625 302 674 testo
329 612 420 674 Plinio
447 611 482 672 ll.
505 609 542 672 Ν.
565 611 619 682 35,
647 612 677 672 7.
704 632 733 691 p.
757 613 785 671 5.
811 611 952 686 Tenelium,
984 631 1106 672 summus
1133 612 1297 689 tragicorum

226 702 431 768 Rornanorum,
455 697 549 757 iudice
574 699 716 756 Cicerone
740 695 776 756 de
799 708 858 776 opt.
882 717 948 775 geu.
967 710 1053 756 orott.
1074 700 1106 768 1,
1127 701 1159 756 2.
1188 698 1299 776 Scripsit

226 784 400 863 tragoedias,
421 803 536 862 quarum
557 785 596 842 18
612 783 685 842 tituli
704 781 797 841 adhuc
814 803 852 842 ex
869 783 949 842 libris
966 794 1095 842 veterum
1113 784 1297 851 innotuerunt,

226 873 256 930 in
279 871 323 928 luis
346 871 431 928 etiam
453 869 550 927 titulus
568 867 662 938 Pauli,
687 867 801 926 fabulae
823 879 1037 946 praetextatae,
1061 869 1137 926 sicut
1156 867 1249 926 Attius
1269 887 1298 926 ex

227 955 329 1016 eodem
348 973 457 1032 genere
475 955 633 1032 scripserat
650 953 776 1012 Brutum.
822 952 854 1011 Si
876 952 974 1012 audias
992 953 1037 1012 Fr.
1056 951 1093 1011 A.
1112 953 1297 1012 Ecksteinium

227 1042 362 1118 Prolegg.
385 1041 415 1098 in
437 1037 551 1116 Dialog.
575 1037 611 1096 de
634 1037 724 1096 Oratt.
754 1038 845 1112 (ilalis
867 1040 960 1098 1835.
982 1043 1026 1112 4.)
1054 1059 1081 1117 p
1105 1039 1298 1110 9.,11111111

225 1127 260 1188 L.
287 1125 426 1186 Aemilius
457 1123 558 1182 Paulus
588 1122 803 1182 Macedonicus.
847 1123 997 1183 sumserat
1032 1126 1117 1183 ctiam
1154 1123 1297 1182 Maecenas

225 1205 420 1290 argumentum
440 1209 553 1268 labnlae
573 1228 610 1267 ex
627 1210 766 1268 memoria
783 1219 942 1287 temporum
961 1209 1136 1288 aequalium,
1157 1229 1219 1267 cum
1238 1211 1297 1268 scri·

224 1297 309 1356 lueret
328 1296 487 1364 Octaviam,
508 1293 544 1353 de
563 1314 617 1372 qua
635 1293 690 1352 rid.
710 1293 858 1352 Neukirch
877 1293 914 1352 de
932 1294 1019 1352 fabul.
1038 1289 1129 1371 tegat.
1150 1315 1179 1373 p.
1198 1295 1238 1353 90
1254 1313 1295 1371 sq,

225 1381 380 1459 itidemque
397 1379 545 1438 Maternus
565 1399 602 1438 ex
614 1399 670 1438 sua
688 1387 785 1438 aetate
805 1378 957 1438 Domitium
977 1378 1140 1450 Neronem,
1161 1399 1199 1437 ex
1215 1399 1296 1436 remo·

224 1469 293 1526 tiori
312 1466 449 1546 Catonem
468 1483 618 1542 personant
638 1464 750 1522 fabulae
769 1466 892 1536 iecerat,
911 1475 943 1524 nt
961 1463 1059 1524 docuit
1075 1464 1225 1530 Eclastein.
1244 1464 1259 1521 Ι.
1276 1482 1295 1519 c.

224 1574 252 1633 p.
272 1553 299 1611 8·
310 1570 370 1630 sqq.
386 1605 389 1612 ,
407 1549 494 1608 Extat
512 1550 672 1608 etiamnunc
688 1548 806 1608 Octavia
825 1549 919 1608 fabulo
937 1549 1064 1609 eiusdem
1083 1551 1204 1628 generis
1219 1550 1296 1608 Senc-

226 1657 289 1718 cac.
325 1633 365 1694 At
384 1634 494 1693 Gibbon
514 1633 635 1694 Decline
653 1633 709 1692 and
723 1634 782 1692 Fall
801 1636 835 1693 of
849 1634 898 1694 the
917 1635 997 1694 llom.
1016 1635 1096 1714 Emp.
1117 1655 1144 1694 c.
1160 1637 1212 1696 31.
1231 1633 1294 1706 (Vol.

226 1725 255 1782 5.
275 1721 321 1780 ed.
340 1719 461 1778 Londin.
482 1721 574 1779 1813.
594 1722 636 1790 8.)
657 1741 685 1798 p.
705 1722 776 1780 285.
796 1727 861 1779 adn.
880 1721 930 1779 61.
951 1722 1071 1793 erravit,
1093 1719 1294 1782 PacuvioBru·

225 1819 284 1866 tum
306 1817 337 1865 et
357 1815 512 1884 praeterea
535 1803 653 1863 Decium
676 1807 776 1863 nescio
799 1825 881 1884 quem
904 1806 1041 1864 trilruens.
1086 1803 1227 1864 Pacuvius
1252 1805 1294 1862 iau

226 1893 289 1951 fere
317 1893 412 1950 omnia
439 1909 475 1948 ex
503 1889 622 1948 Graecis
650 1891 859 1968 exemplaribus
885 1890 1027 1962 sumebat,
1064 1901 1095 1950 ut
1123 1891 1243 1968 colligas
1266 1907 1293 1946 ex

227 1974 293 2067 Cic.
307 1974 398 2034 Acad.
413 1977 447 2044 A,
466 1979 496 2046 4,
516 1977 566 2032 10.
586 1995 612 2053 p.
633 1977 673 2034 19
692 1996 733 2053 sq.
751 1973 799 2033 ed.
820 1974 962 2034 Goerenz.
1000 1975 1077 2035 ldem
1095 1979 1153 2034 arti
1173 1971 1293 2054 pingendi
1327 2007 1328 2054 q

226 2082 342 2142 operam
371 2060 471 2130 dabat,
499 2071 573 2118 teste
597 2059 688 2117 Plinio
713 2061 730 2118 l.
755 2079 780 2118 c.
818 2060 968 2120 Pacuvium
997 2059 1132 2120 discimus
1161 2060 1292 2137 octoginta

225 2167 316 2208 annos
335 2157 428 2206 natum
447 2146 545 2216 fuisse,
565 2164 627 2204 cnm
641 2144 746 2216 Attius,
765 2146 840 2204 alter
857 2145 1046 2224 Rornanorum
1065 2149 1195 2224 tragicus
1208 2153 1291 2224 poeta,
1327 2165 1328 2192 1

223 2235 269 2292 vir
295 2233 413 2309 triginta
439 2251 576 2290 annorum
604 2241 694 2301 esset,
723 2249 759 2288 ex
787 2231 881 2291 Cicer.
906 2232 984 2290 Brut.
1008 2234 1062 2303 64,
1086 2235 1161 2292 229.
1199 2231 1292 2307 Quippe
1327 2201 1328 2246 l

224 2319 296 2376 vixit
326 2328 446 2396 uterque
473 2315 701 2376 saeculo‘Urltis
726 2327 826 2387 sext03
860 2319 1019 2376 llorucrunt
1044 2337 1100 2376 non
1128 2317 1216 2376 multo
1240 2321 1292 2393 post

113 2453 117 2463 .
224 2405 412 2481 legationem,
431 2399 633 2472 adornando,
653 2401 779 2460 Critolao
799 2412 829 2460 et
847 2401 979 2479 Diogene
999 2401 1115 2462 Romam
1136 2405 1207 2462 circ.
1226 2420 1248 2458 a.
1266 2395 1290 2454 ll.

134 2513 147 2528 =
225 2491 287 2549 598
316 2489 402 2559 (156)
430 2497 604 2565 susceptam,
632 2497 663 2544 111
684 2493 734 2544 est
760 2480 833 2564 apud
858 2489 895 2545 A.
920 2485 1039 2548 Gellium
1063 2487 1100 2546 N.
1119 2491 1157 2547 A.
1178 2487 1229 2557 17,
1250 2484 1289 2542 21.

224 2595 253 2653 p.
276 2576 339 2632 419
362 2593 403 2650 sq.
432 2569 478 2630 ed.
507 2571 593 2629 Conr.
622 2571 704 2629 Conl.
733 2571 836 2630 Vellei.
865 2571 977 2631 Patere.
1001 2575 1035 2644 2,
1058 2575 1088 2634 9.
1125 2573 1217 2632 Natus
1242 2576 1291 2628 erat
1326 2601 1327 2604 =

225 2659 363 2716 Pacuvius
389 2677 415 2715 a.
441 2656 473 2715 U.
498 2658 560 2716 534
588 2658 689 2728 (220),
717 2677 743 2713 v.
770 2658 836 2716 infr.
864 2656 900 2716 ad
926 2677 1043 2718 vocem:
1071 2662 1171 2718 Attio.
1199 2653 1291 2715 Flornil
1326 2689 1327 2730 7

224 2763 251 2802 a.
271 2742 304 2802 U.
323 2744 385 2801 600
405 2743 508 2813 (154),
532 2741 684 2800 secundum
705 2740 907 2822 Hieronymum
930 2744 959 2802 in
978 2744 1122 2802 Chronico
1142 2741 1289 2804 Eusebium

224 2827 262 2888 ad
281 2827 324 2886 01.
345 2828 419 2897 156,
439 2828 458 2886 3
479 2828 576 2899 (154).
613 2825 724 2885 Obiisse
743 2846 805 2889 11111
824 2829 939 2886 Tarenti
959 2829 1114 2891 concludas
1132 2849 1170 2888 ex
1187 2829 1221 2886 A.
1237 2823 1289 2884 Gel-

222 2915 254 2973 lii
272 2912 309 2972 N.
328 2912 365 2971 A.
384 2913 438 2984 13,
459 2915 487 2971 2.
524 2911 639 2989 Insigne
663 2911 744 2970 lruins
767 2915 870 2991 tragici
895 2925 1000 2993 poetae
1018 2917 1207 2991 fragmentum
1226 2916 1289 2970 extat
1326 2897 1327 2958 l

223 2999 299 3078 apnd
322 2999 500 3077 Scriptorem
527 2995 564 3056 ad
591 2997 764 3056 Herennium
786 3001 820 3069 2,
843 3001 898 3070 23,
921 2999 962 3058 36
975 2999 1014 3072 ⁹).
1050 2999 1138 3058 Aliud
1166 2990 1288 3060 eiusmodi

224 3096 269 3144 est
290 3083 367 3162 apud
387 3082 429 3162 A.
449 3082 569 3142 Gellium
592 3085 625 3153 2,
649 3084 699 3141 26.
722 3103 749 3162 p.
769 3085 840 3142 238.
864 3084 909 3144 11.
934 3084 1019 3143 Conr.
1043 3084 1208 3143 Laudentur
1228 3083 1289 3140 iuter

224 3171 281 3228 alia
309 3171 369 3226 eius
397 3169 566 3248 Chrysesa
593 3167 736 3227 Cicerone
763 3167 798 3227 de
826 3167 919 3227 Dirin.
943 3173 976 3240 1,
1005 3170 1069 3241 57„
1097 3169 1236 3248 Ampluioo
1261 3159 1288 3218 de

224 3254 301 3312 Orat.
322 3257 350 3324 2,
370 3254 420 3322 37,
441 3255 511 3312 155.
532 3264 561 3310 11
584 3251 619 3310 dc
643 3252 864 3325 Ditiones,
893 3254 1011 3313 Orestes
1025 3257 1073 3327 ¹⁰)
1097 3257 1125 3313 in
1149 3253 1245 3314 Laelio
1265 3246 1286 3314 7,

222 3341 289 3408 24.,
313 3340 437 3416 Antiopa
461 3337 496 3396 de
520 3337 631 3395 Finit.
652 3349 681 3395 11
698 3338 736 3396 M.
758 3341 792 3408 1,
811 3341 845 3408 2,
864 3344 893 3397 4.
923 3339 1079 3398 Ciceronis,
1095 3359 1184 3419 usque
1206 3342 1287 3396 aetate

220 3425 318 3506 plnres
341 3422 505 3492 Pacuuium,
529 3423 649 3480 Ennium
673 3421 836 3500 Attiumque
860 3425 1008 3501 legebant,
1033 3445 1115 3503 quam
1138 3418 1286 3500 Euripiden

222 3520 253 3568 11
277 3507 464 3586 Sophoclem,
491 3518 522 3564 ut
545 3516 649 3578 narrat¹
669 3504 717 3564 ille
740 3505 776 3566 de
798 3517 856 3586 opt.
881 3527 948 3584 gen.
972 3506 1115 3580 11111ζό,
1140 3514 1190 3569 18.
1218 3499 1286 3563 Coei·

222 3594 303 3654 Pers.
323 3593 410 3652 Satin.
427 3594 464 3662 Ι1,
484 3592 534 3650 77.
567 3590 611 3650 De
631 3589 754 3650 Pacuvio
772 3592 818 3650 hic
838 3593 949 3653 libellus
968 3606 1062 3654 extat:
1093 3595 1175 3654 Dclle
1192 3591 1287 3652 memo-

222 3679 266 3738 rie
290 3677 318 3736 di
340 3677 380 3736 M.
404 3676 541 3747 Pacuvio,
568 3675 761 3736 antichissimo
788 3689 874 3756 poeta
899 3682 1011 3758 tragico
1040 3677 1242 3740 dissertazione
1265 3667 1286 3724 ll

221 3763 366 3824 Annibale
389 3761 417 3822 di
440 3761 512 3822 Len.
550 3761 581 3820 ln
604 3759 709 3839 Napoli
732 3763 824 3822 1763.
848 3765 892 3835 8.,
921 3767 1001 3824 cuius
1027 3766 1144 3825 breuem
1171 3760 1285 3824 notitiam
1325 3827 1326 3830 Ἴ

222 3847 303 3909 dedit
324 3848 471 3908 Harlesins
495 3847 691 3928 supplementi
713 3847 750 3908 ad
772 3847 939 3910 Brevioren
962 3849 1099 3910 Notitiam
1118 3851 1285 3910 Liternum

292 4065 317 4130 ⁹)
334 4070 373 4116 De
390 4069 439 4118 hoc
457 4069 514 4130 ipso
532 4069 675 4130 fragmento
694 4084 777 4130 nuper
790 4069 842 4130 egit
855 4073 874 4118 l.
888 4072 914 4118 0.
929 4072 1041 4120 Orellius
1055 4072 1080 4119 id
1094 4074 1167 4132 epist.
1179 4069 1210 4118 ad
1222 4057 1283 4112 Mtl·
1325 3987 1326 4067 l

220 4138 317 4200 vigiam
331 4154 354 4198 p.
363 4139 446 4186 xxti.
458 4152 512 4196 sqq.
523 4137 550 4184 in
564 4140 648 4186 fronte
663 4137 782 4202 editionis
798 4139 902 4187 maioris
913 4141 1027 4211 Tulliani
1041 4143 1164 4189 oratoria.

222 4245 225 4254 =
294 4223 334 4283 ¹⁰)
352 4223 400 4271 vid.
418 4223 544 4283 Stieglita.
562 4224 592 4270 11
610 4223 870 4272 Ρ11111110111111111
888 4223 972 4275 Berol·
992 4225 1066 4274 1833.
1084 4227 1108 4272 4.
1125 4209 1282 4273 1111111111

220 4291 336 4341 Prooem.
355 4291 490 4352 praeleett.
508 4291 636 4340 Bonnens.
653 4305 677 4339 a.
698 4294 771 4340 1821.
789 4292 886 4342 nibem.
