2710 4996
202 499 274 566 nnn
446 483 728 554 reuinconnnun
743 498 792 552 no
812 499 890 560 our.
909 497 975 554 xm
993 475 1053 569 oq.

203 691 302 734 corum
329 676 360 733 t‘u
383 675 549 752 proximo
576 673 619 733 ab
648 683 782 732 cemento
810 673 925 734 locutus
949 683 1008 742 est,
1036 676 1098 733 ur'si
1121 693 1201 752 quum
1220 695 1268 752 pro

202 761 332 820 cbouco
361 770 425 818 out
446 759 605 838 spondeo
632 761 789 818 creticus
809 770 976 837 postremus
998 769 1046 818 cet
1065 761 1123 818 uel
1142 761 1268 837 dacum.

203 865 229 903 c.
256 846 313 916 64,
340 845 413 904 217.
458 843 500 902 ltu
532 845 607 903 euim
637 844 712 903 bunc
739 844 831 902 locum
863 843 1015 923 legendum
1046 863 1113 904 esse
1144 845 1268 903 existimo.

202 921 346 1014 Pisonem
369 929 499 1010 plerique
521 930 645 988 orationi
665 930 713 989 vel
734 930 884 1016 incipienti
906 929 952 989 vel
975 928 1087 990 merline
1113 931 1267 1009 aptissimum

203 1033 269 1075 esse
287 1026 402 1094 putuut3
427 1016 554 1074 nonnulli
577 1016 661 1074 etium
686 1013 811 1073 cedenti.
848 1016 983 1074 Ciceroni
1002 1016 1031 1072 iu
1050 1015 1174 1076 clausula
1190 1015 1269 1094 aptior

203 1102 328 1160 creticus
345 1102 422 1159 visus
440 1111 493 1160 est.
538 1099 706 1160 Docbmium
725 1102 824 1179 quovis
843 1101 909 1160 loco
926 1100 1044 1179 probet,
1067 1099 1154 1160 modo
1171 1119 1204 1158 uc
1220 1100 1268 1179 plus

203 1187 291 1246 semel
308 1196 444 1266 ponetur,
467 1187 587 1248 iteratus
612 1187 686 1245 enim
709 1195 758 1244 uut
776 1187 957 1244 continuatus
979 1205 1125 1245 numerum
1144 1185 1220 1244 uiuis
1235 1186 1269 1244 iu*

202 1272 311 1350 signem
332 1273 404 1330 lucie
417 1291 444 1330 c.
463 1271 513 1342 64,
533 1263 721 1332 212-219.
750 1269 833 1330 Conl.
853 1271 969 1345 Quintil.
988 1275 1019 1344 9,
1037 1277 1068 1344 4,
1086 1272 1138 1332 87.
1157 1270 1267 1330 Demetr.

203 1355 239 1416 de
257 1356 371 1416 Elocut.
390 1357 417 1433 §.
436 1358 581 1417 38-44.

286 1441 326 1501 bl.
343 1441 451 1500 Tullius
469 1441 506 1501 de
525 1442 604 1501 Oret.
623 1444 653 1512 3,
671 1442 723 1514 47,
743 1444 814 1503 182.
833 1441 908 1500 bunc
926 1440 1030 1521 pedum
1049 1440 1189 1504 delectum
1206 1456 1270 1500 cou-

202 1526 332 1588 meudut:
359 1525 547 1598 Aristotcles,
570 1529 624 1599 nit,
647 1527 767 1587 iambum
791 1538 821 1587 ct
843 1527 1052 1587 trocbeeumi.
1076 1545 1104 1588 e.
1122 1526 1270 1606 tribrachyn

203 1615 383 1692 frequentem
405 1612 560 1692 impnobut,
589 1623 621 1672 ut
645 1612 735 1692 pedes
762 1615 884 1674 minutos
906 1623 937 1674 et
963 1614 1152 1693 percussione
1174 1613 1270 1671 uiuiuu

93 1745 96 1754 ,
202 1699 341 1777 insigues.
375 1697 514 1758 bleliores
536 1700 564 1757 ei
582 1697 715 1758 videntur
733 1697 873 1778 dactylus,
893 1692 1064 1777 ennpuestne
1087 1709 1118 1758 et
1135 1693 1271 1778 spondeus.

203 1784 367 1864 (Scriptura
388 1795 483 1844 temen
507 1785 589 1842 buius
612 1784 670 1842 loci
693 1786 797 1844 multae
821 1783 990 1843 dubitationi
1013 1784 1140 1843 obnoxie
1166 1795 1219 1853 est,
1242 1781 1271 1840 de

203 1889 259 1949 quo
277 1889 303 1928 v.
321 1869 450 1930 bloerck.
469 1867 505 1928 dc
522 1867 682 1949 'lbcedect
700 1891 727 1949 p.
739 1873 790 1930 81.
809 1868 876 1928 edu.
890 1873 954 1935 10.)
981 1867 1041 1928 Sed
1059 1869 1088 1928 iu
1108 1869 1151 1928 bis
1168 1867 1272 1949 pedibus

202 1957 317 2034 impune
344 1952 482 2033 progredi
503 1955 574 2013 licet
595 1953 652 2012 duo
674 1953 811 2013 duntuuut
831 1953 935 2034 pedes,
962 1965 1012 2014 eut
1037 1955 1122 2034 poulo
1149 1956 1220 2034 plus,
1243 1971 1272 2010 ne

82 2087 85 2090 .
203 2041 298 2100 oratio
316 2059 415 2098 versus
434 2040 496 2111 liet,
519 2051 569 2118 eut
585 2059 717 2099 versuum
735 2042 817 2100 nimis
839 2041 947 2098 similis.
991 2039 1158 2115 Aristoteli,
1182 2039 1272 2119 pergit,

201 2124 293 2184 ordiri
315 2125 411 2204 placet
432 2145 450 2184 1
472 2127 614 2204 superiori
644 2145 772 2204 paeone,
799 2127 956 2206 posteriori
989 2125 1093 2198 finire,l
1118 2127 1183 2205 quie
1208 2125 1273 2183 eluu-

199 2211 280 2276 111111
296 2211 357 2268 vult
378 2211 465 2290 longo
488 2211 655 2290 plerumque
676 2212 786 2292 syllaba
807 2211 967 2270 terminari.
1002 2210 1110 2270 Paeoni
1134 2208 1274 2290 posteriori

202 2313 260 2356 nou
278 2295 449 2375 syllabarum
467 2317 600 2367 numero,
624 2295 676 2356 sed
698 2299 807 2356 numum
829 2315 963 2356 mensura
980 2297 1087 2356 Cicero
1109 2315 1204 2376 parem
1221 2296 1274 2353 lero

203 2382 348 2442 Creticum
367 2401 432 2441 esse
455 2393 596 2453 autumat,
620 2381 657 2441 de
680 2401 736 2462 qua
757 2401 790 2441 re
813 2384 926 2441 metrici
948 2401 1022 2440 nunc
1046 2383 1132 2442 aliter
1153 2383 1274 2441 sentiunt.

202 2467 253 2528 llis
271 2467 376 2526 ibidem
395 2487 421 2526 c.
434 2469 487 2540 49,
507 2469 579 2527 l9l.
597 2465 686 2538 addit,
706 2469 865 2528 erutioueur
883 2468 991 2546 optiure
1008 2468 1141 2546 incipere
1158 2466 1275 2547 proceris

201 2554 341 2623 numeris,
368 2553 489 2612 maxime
516 2552 607 2612 berou
634 2554 654 2610 1.
677 2571 705 2611 e.
732 2553 848 2634 ductylo
875 2564 905 2612 et
930 2551 1075 2632 spondeo,
1102 2563 1153 2610 uut
1178 2567 1274 2631 paeone

201 2639 300 2718 priore
326 2647 376 2696 aut
402 2639 532 2709 cretico,
569 2637 621 2697 scd
647 2639 728 2697 varie
761 2637 952 2718 distincteque
984 2639 1133 2697 terminari
1170 2637 1275 2697 debere.

202 2723 282 2782 ldem
300 2741 327 2781 c.
347 2725 397 2794 50,
417 2723 488 2782 193.
509 2733 654 2783 extremos
671 2722 771 2803 pedes,
790 2722 918 2782 simodo
937 2725 1087 2801 superiore
1105 2722 1274 2801 periodorum

202 2829 260 2868 uou
279 2807 412 2867 breviore
430 2819 527 2880 eruut,
545 2809 605 2867 vult
621 2819 671 2868 eut
689 2809 830 2880 eboreos,
859 2819 909 2868 eut
924 2807 1033 2868 beroos
1054 2809 1132 2878 illos,
1161 2817 1208 2867 eut
1233 2807 1276 2864 bos

200 2891 292 2975 pedes
318 2893 446 2953 alternos
467 2895 488 2952 i.
511 2914 539 2953 c.
562 2905 708 2954 extremos
729 2894 899 2965 trochaeos,
926 2905 957 2952 et
982 2896 1012 2951 iu
1038 2894 1192 2973 penultima
1216 2889 1275 2950 1111
1337 2955 1338 2970 ,

203 2979 335 3060 dactylos
361 2980 408 3039 vel
434 2979 592 3058 spondeos,
623 2981 670 3040 vel
695 2999 781 3039 verse
807 2980 871 3038 rice
898 2990 1044 3038 extrenuos
1070 2979 1177 3038 bercos
1202 2977 1275 3037 etin

202 3066 359 3146 penultima
380 3065 535 3126 trocbeeos
561 3084 640 3136 esse,
667 3075 716 3125 eut
738 3083 878 3144 paeonem
901 3083 964 3124 cunr
981 3063 1142 3123 Aristotele
1165 3061 1276 3144 posteri·

204 3168 294 3223 orem,
313 3161 363 3210 eut
380 3152 408 3210 ei
426 3170 525 3231 parem
547 3153 685 3210 creticum
703 3151 763 3210 rnlt
780 3161 937 3210 extremm
955 3150 1057 3228 pedem
1076 3169 1152 3209 esse.
1189 3147 1275 3226 (llnins

125 3279 133 3294 .
204 3255 318 3316 quoque
341 3237 398 3295 loci
421 3239 565 3316 scripture
585 3235 668 3296 valde
687 3235 772 3296 dubie
790 3241 856 3307 est)
894 3233 976 3295 Unde
993 3245 1088 3314 putet,
1107 3235 1275 3298 Ciceronem,
1336 3245 1337 3294 t

205 3341 289 3400 quum
315 3320 446 3380 (lectoris
473 3342 500 3381 c.
522 3323 579 3393 64,
601 3323 675 3382 215.
697 3323 771 3380 218.
797 3321 954 3391 scriberet,
985 3322 1157 3380 sententium
1183 3319 1219 3380 de
1242 3315 1276 3374 bis
1336 3299 1337 3393 l

204 3406 292 3465 rebus
309 3417 442 3465 mutatum
460 3405 603 3466 babuisse.
647 3406 690 3466 lbi
708 3407 783 3466 euim
806 3408 835 3466 ei
857 3408 983 3466 creticus
1004 3407 1100 3488 aptior
1124 3403 1162 3464 11
1184 3401 1277 3464 11111·

205 3501 266 3551 tem
283 3491 445 3559 orationem
462 3489 588 3565 videtur,
608 3511 691 3571 quum
708 3511 803 3571 paeon
821 3493 975 3571 posterior.

293 3567 338 3634 ltu
359 3577 449 3654 igitur
470 3595 603 3636 uumerus
630 3578 774 3636 oratorius
801 3574 916 3636 delectu
942 3587 1087 3636 certorum
1115 3569 1275 3655 quorundum

174 3663 177 3668 '
208 3659 325 3742 pedum,
352 3659 453 3740 quibus
475 3662 557 3720 varie
578 3681 631 3741 pro
652 3662 733 3720 renio
756 3661 1004 3740 generedicendi
1026 3671 1106 3720 totae
1129 3659 1276 3721 sententiae

208 3757 267 3805 tum
285 3747 416 3806 ineuntes
434 3757 465 3806 ct
481 3745 607 3820 medice,
626 3757 684 3805 tum
702 3749 824 3807 maxime
842 3759 982 3808 exeuntes
999 3747 1060 3806 sive
1078 3747 1277 3816 clausionem
1334 3795 1335 3826 5

149 3849 156 3870 ·
208 3841 363 3912 practerea
393 3833 485 3892 incisu
515 3833 699 3912 membreque
731 3843 935 3913 temperentur.
955 3863 958 3870 ⁴
981 3832 1012 3892 le
1040 3833 1138 3892 incisis
1163 3833 1277 3890 vercel

210 3917 344 3976 membris
361 3915 487 3977 brevitas
509 3917 612 3998 pedum
629 3917 773 3978 delectum
792 3920 878 3978 etiem
896 3919 1061 3978 liberiorem
1079 3919 1164 3988 iecit,
1182 3916 1217 3976 de
1233 3927 1276 3990 qut

210 4023 243 4062 re
267 4013 312 4061 cst
333 4003 453 4080 insignis
474 4004 781 4075 111111.67,224.,
803 4003 852 4062 nbi
874 4003 975 4073 docet,
998 4005 1028 4062 iu
1050 3993 1183 4070 membris
1203 4009 1276 4074 saepo

210 4089 329 4168 siugulis
346 4087 466 4167 pedibus
489 4095 531 4162 (ut
552 4087 710 4168 spondeo),
730 4089 898 4170 plerumque
919 4089 995 4148 binis
1016 4088 1138 4168 pedibus
1159 4081 1275 4146 nundus

207 4165 291 4244 esse,
318 4174 359 4232 ite
384 4183 416 4231 ut
439 4173 487 4232 rel
513 4175 632 4251 siugulis
653 4175 699 4234 vel
721 4175 796 4234 binis
819 4193 885 4252 pars
906 4173 989 4254 pedis
1006 4175 1026 4232 i.
1045 4192 1072 4232 c.
1094 4172 1202 4252 syllaba
1221 4160 1275 4225 cdli

210 4261 316 4338 possit3
349 4278 406 4317 nou
433 4260 497 4318 lere
523 4270 617 4318 eutem
644 4261 736 4318 ternis
761 4258 883 4340 pedibus
909 4260 1029 4340 emplius
1054 4256 1188 4318 utendum
1213 4265 1274 4312 esst·

211 4343 272 4404 cm
288 4354 383 4404 autern
400 4344 543 4404 clausulae
562 4345 689 4426 inprimis
706 4363 877 4406 numerosae
895 4363 961 4406 esse
978 4343 1113 4416 debcuut,
1131 4343 1229 4403 Cicero
1245 4329 1273 4389 lt
1332 4349 1333 4362 ¹
