2684 4990
192 525 258 590 182
351 523 612 598 COMMENTARll
634 520 888 577 tN‘ctcttttoutls
907 525 1120 578 ORATOREM.

184 703 336 780 pinxisset
351 715 462 771 omnes,
486 701 648 778 praecipue
661 697 815 777 pannum,
834 708 867 758 et
882 701 1023 773 assutiae
1041 719 1152 760 omnem
1169 703 1262 778 imagi·

189 807 254 846 nem
278 789 483 846 consumsisset
496 787 596 864 patris
618 786 709 863 s'psins
729 785 838 843 nultum
856 785 979 856 uelauit,
1008 803 1090 863 quem
1108 788 1196 864 degne
1211 806 1261 844 non

145 867 146 872 '
185 882 313 950 poterut
327 873 489 930 ostendere.
510 869 607 928 Valer.
625 869 701 928 Max.
721 872 755 941 8,
775 871 825 928 11.
845 880 957 929 extera.
976 871 1006 928 6.
1026 881 1057 928 et
1074 871 1190 945 Quintil.
1206 871 1223 928 l.
1240 889 1262 928 e.

189 935 237 1016 uli
257 955 404 1036 Spalding.
423 956 489 1015 va.
507 959 538 1014 a.
556 976 584 1034 p.
604 956 698 1014 saar
717 953 777 1013 stu
794 955 898 1033 ipsum,
918 957 967 1026 aa,
986 952 1152 1035 Euripidem
1170 956 1262 1036 pictori

188 1044 262 1101 viam
296 1052 469 1100 monstrasse
504 1051 586 1101 recte
622 1039 776 1100 observant
810 1041 984 1119 interpretes
1015 1040 1053 1100 ad
1083 1041 1211 1120 lphigeu.
1239 1042 1262 1099 iu

189 1129 254 1186 Aul.
274 1128 389 1186 tutor

275 1233 359 1292 quum
381 1215 411 1273 in
435 1213 611 1271 sinmolanda
632 1213 801 1289 Iphigenia.
827 1209 886 1269 vis.
910 1231 974 1270 cum
991 1214 1022 1270 in
1041 1213 1190 1272 inmolanda
1208 1209 1263 1290 effi·

149 1299 150 1303 ’
187 1300 287 1377 genia.
312 1297 410 1356 Ceteri
429 1298 560 1356 omittunt
578 1297 617 1368 in,
637 1297 722 1356 etiam
740 1295 819 1354 Eius.
839 1295 964 1354 llaudius
983 1295 1020 1354 ad
1037 1297 1188 1356 Turselliu.
1206 1297 1262 1356 Vol.

188 1386 217 1442 3.
241 1405 268 1462 p.
292 1384 364 1442 287.
388 1383 487 1442 scribit
509 1382 644 1442 Orellium
661 1382 736 1440 bene
755 1383 939 1463 revocavisse
958 1383 1055 1460 optinui
1075 1382 1184 1441 codicis
1202 1384 1263 1441 scri·

188 1479 297 1547 pturuun
321 1471 350 1527 in
374 1471 448 1536 inem.
473 1467 565 1526 Etiam
588 1467 723 1526 Ernestio
743 1469 773 1524 in
792 1466 935 1526 excidisse
955 1469 1041 1526 visum
1061 1479 1135 1527 erat.
1180 1466 1264 1526 Docet

83 1620 88 1632 1
188 1553 314 1614 llaudius
341 1573 368 1631 p.
396 1553 482 1624 286,
510 1556 540 1611 in
563 1551 632 1612 addi
655 1549 801 1630 gerundiis
826 1563 855 1611 et
877 1553 1035 1631 participiis
1053 1554 1141 1612 lutari
1160 1553 1262 1632 passivi,

190 1639 289 1718 quibus
312 1639 491 1716 significetur
513 1636 626 1718 agenda
647 1657 710 1708 res,
739 1655 811 1716 quae
835 1635 898 1704 dum
917 1638 1025 1716 agitur,
1052 1637 1130 1696 aliud
1149 1637 1213 1720 quid
1229 1638 1262 1695 lit.

133 1772 136 1780 .
188 1723 278 1783 Posse
298 1723 416 1782 eundern
435 1724 581 1782 notionem
599 1721 634 1782 ad
654 1743 765 1782 causam
784 1724 903 1794 referri,
927 1743 1007 1801 quam
1026 1722 1167 1782 ablativus
1185 1721 1263 1782 nudus

189 1807 331 1886 designet.
376 1807 449 1880 Sed,
477 1810 501 1866 si
528 1812 558 1867 iu
581 1807 714 1886 addatur,
743 1809 888 1867 notionem
911 1809 1054 1868 causalem
1076 1810 1105 1866 iu
1128 1812 1261 1868 stationem

145 1968 146 1972 Ἰ
189 1893 362 1953 conditionis
384 1895 430 1954 vel
454 1895 590 1972 temporis
612 1895 723 1952 mutari.
768 1893 830 1952 lloe
853 1894 918 1954 luco
942 1892 1053 1971 quidem
1073 1895 1263 1952 1111111111-

188 1991 235 2038 tur
260 1979 325 2037 loco
355 1979 518 2051 Quintiliani
542 1981 576 2058 2,
605 1980 658 2050 13,
687 1979 738 2037 13.
761 1981 792 2038 in
813 1979 988 2056 Iphigeniae
1012 1981 1210 2040 immolatione
1230 2013 1263 2022 -

190 2067 300 2123 tristem
325 2065 522 2123 Calchantem.

275 2159 378 2208 orator
395 2151 512 2208 uiderit.
532 2171 557 2208 v.
576 2148 641 2208 adn.
660 2146 696 2208 ad
715 2167 741 2206 c.
760 2149 811 2220 45,
831 2149 903 2208 152.

503 2341 504 2348 κ
627 2305 710 2364 Cur.
728 2303 836 2362 XXlll.

274 2407 300 2483 ξ.
320 2407 370 2466 75.
402 2409 501 2468 danda
529 2441 567 2451 -
595 2407 661 2465 osia
686 2416 763 2466 sunt.
796 2406 865 2465 Cum
891 2406 1058 2472 lti's‚rerbis
1084 2407 1263 2485 fragmentum

190 2504 370 2572 eomparatur
387 2491 488 2550 Alcaei
507 2491 567 2550 11.
583 2491 681 2570 Lipsio
699 2491 767 2549 Ant.
786 2491 881 2550 Lectt.
900 2494 929 2564 2,
950 2495 1000 2551 tu.
1018 2491 1095 2550 Mur.

275 2578 300 2653 ξ.
320 2578 370 2636 76.
397 2579 568 2636 Summtssus
595 2587 641 2635 est
660 2586 693 2636 et
711 2578 836 2636 humilis.
871 2576 913 2635 Er
934 2577 972 2636 ist
993 2578 1197 2657 ansprucluslos
1217 2573 1263 2636 und

190 2662 293 2722 erheht
310 2663 370 2720 sich
388 2663 477 2720 nieht.
538 2719 539 2726 ,

274 2747 366 2806 subtil
364 2750 431 2807 i.tas
454 2747 502 2806 die
519 2746 716 2814 schlichtheit
738 2709 1262 2840 11111111νί1.11111111111111

189 2833 307 2894 deslat.
328 2831 598 2912 strepitans.

274 2918 443 2996 confidant
445 2939 477 2978 sc
494 2937 584 2997 posse
606 2922 714 2979 di.cere
751 2917 812 2978 llus
834 2920 889 2978 viri
912 2919 990 2978 docti
1005 2921 1145 2980 referunt
1162 2931 1262 3000 partem

187 3004 339 3064 verborum
364 3005 528 3077 Quintiliani
547 3007 603 3076 11,
630 3008 663 3076 1,
691 3007 742 3064 91.
765 3004 813 3063 ulsi
834 3003 892 3063 vid.
911 3004 1060 3084 Spalding.
1078 3005 1152 3076 „tut
1173 3007 1263 3065 Victor

187 3111 216 3169 p.
235 3089 306 3149 107.
324 3092 359 3148 Iu
376 3109 488 3168 genere
507 3093 590 3150 tenui
605 3092 762 3150 communis
783 3092 961 3148 consecutio
979 3094 1121 3150 emmonis
1131 3089 1263 3150 imitanda

188 3186 245 3246 est,
274 3176 311 3234 ad
330 3177 485 3236 inanescis
498 3177 568 3253 plus
585 3195 670 3253 quarn
689 3178 827 3253 apuniana
845 3172 999 3253 defferens.
1026 3178 1134 3253 ltaque
1153 3180 1206 3254 qui
1219 3193 1262 3233 an·

188 3261 281 3330 diunt,
301 3263 430 3343 quamuis
446 3263 509 3319 sint
523 3257 662 3338 insontes,
683 3271 778 3319 tamen
790 3255 835 3318 'ull
833 3280 849 3318 o
868 3263 953 3318 modo
972 3259 1125 3337 confidunt
1140 3282 1173 3320 se
1185 3277 1262 3340 posse

188 3347 303 3402 discere
322 3343 376 3402 sed
391 3333 469 3403 nulii
484 3355 530 3404 cst
545 3347 715 3422 eaperientn
728 3347 823 3404 munus
836 3347 1009 3423 possi'flbele
1025 3345 1101 3405 Mur.

274 3431 341 3488 ldtsi
359 3431 435 3486 enom
452 3431 653 3508 complurimi
670 3431 825 3508 sanguene's
843 3439 895 3488 est.
919 3429 993 3489 denu
1013 3429 1125 3490 obwohl
1145 3451 1178 3491 er
1195 3428 1263 3490 niclt

80 3529 83 3538 ·
188 3513 255 3572 sehr
276 3513 371 3572 vielen
390 3511 558 3572 lleichtlsum
578 3521 625 3587 (an
645 3513 787 3573 Schmuclr
805 3512 863 3573 und
881 3515 1048 3589 Gedanlren)
1069 3517 1144 3575 hat'
1135 3538 1155 3574 ι.
1176 3535 1201 3576 e.
1219 3514 1262 3573 olt-

186 3599 261 3657 wold
280 3618 314 3657 er
331 3599 509 3676 sehmttclutig
526 3600 573 3670 ist,
592 3619 624 3657 so
642 3619 718 3658 ruuss
737 3618 773 3658 er
788 3598 865 3658 doclr·
881 3600 1026 3678 gediegen
1044 3618 1179 3680 seyu‚·so
1197 3601 1260 3666 dass,

186 3703 269 3744 uranu
291 3703 326 3742 er
346 3683 418 3742 auch
437 3683 524 3761 jeues
542 3683 681 3744 hdehsten
700 3683 811 3744 Grades
829 3683 882 3744 der
899 3685 1005 3746 Sttrlre
1024 3687 1172 3759 euthehrt,
1201 3684 1261 3756 (den

187 3770 240 3828 der
262 3769 407 3828 erhabeue
430 3767 546 3828 llcdner
567 3769 648 3841 luat),
676 3771 737 3829 sein
759 3768 912 3830 Ausdruelr
934 3771 992 3829 uud
1013 3773 1094 3831 seiae
1118 3771 1262 3832 Gedanleu

187 3854 235 3912 bei
262 3855 386 3913 uiderer
412 3855 539 3934 Pritfuug
565 3855 643 3914 nicht
667 3857 823 3916 verliereu.
874 3856 1035 3916 Translatio
1058 3858 1090 3915 fit
1112 3855 1261 3952 apartibus

188 3940 317 4018 eorporis
347 3941 376 3996 iu
402 3959 450 4000 res
478 3952 508 3999 et
534 3942 693 4000 orationem
720 3953 875 4001 oratorum.
930 3941 1171 4015 Quemadmodum
1198 3939 1260 4000 cuin

188 4026 317 4104 corporis
335 4024 530 4084 robustissima
548 4037 612 4085 suut
630 4027 755 4105 sangnis,
775 4029 865 4099 nervi,
884 4027 998 4098 lacerti,
1017 4026 1149 4098 medulla,
1170 4028 1260 4086 trave·

186 4109 323 4170 lidissima
344 4129 409 4189 pars
432 4111 459 4168 in
485 4113 615 4170 oratioue
637 4131 695 4171 nou
718 4124 782 4172 sunt
803 4113 868 4172 vani
891 4123 1007 4172 ornatus
1026 4113 1197 4184 verborum,·
1217 4104 1259 4168 sed

186 4215 281 4255 rernm
308 4203 389 4255 reete
412 4197 540 4272 cogitata
562 4207 592 4256 et
614 4208 681 4275 apte
703 4198 800 4258 verbis
822 4196 935 4257 reddita
959 4197 1055 4276 copia.
1108 4199 1162 4271 Qui
1184 4197 1260 4274 igitur

111 4327 116 4336 .
185 4299 242 4338 nou
270 4282 307 4340 sit
328 4282 532 4341 sententiarum
555 4283 694 4360 gravitate
717 4284 944 4362 probatissimus,
974 4287 1044 4361 (pai
1059 4283 1183 4362 plurumi
1200 4296 1258 4340 saa·

183 4369 286 4444 guinis
302 4387 360 4426 non
378 4369 447 4444 sit),
475 4367 500 4426 is
518 4378 598 4427 certa
617 4375 699 4426 recte
718 4369 844 4447 cogitata
861 4371 1005 4447 proferat,
1031 4369 1257 4438 (neocastrum
