2678 4974
210 493 256 552 te
372 469 632 542 conuusrsnu
653 489 691 540 m·
710 488 903 542 crcusosrs
920 488 1133 541 ominosum.

210 665 268 721 ruit
288 664 379 721 lerme
402 664 439 720 ab
456 663 501 724 ot.
519 665 562 721 82
580 662 669 737 (452)
687 659 726 720 ad
742 659 790 721 (ll.
808 663 851 723 92
870 663 975 736 (412),
1002 672 1035 722 ut
1051 659 1151 722 demit
1165 657 1237 722 idem
1255 662 1287 739 ἓ.

210 751 284 808 112.
303 747 371 805 adn.
391 751 423 806 l.
442 770 472 826 p.
492 749 547 811 96.

295 835 324 910 5.
343 835 376 891 6.
396 836 428 891 ir
448 832 618 892 oratoribus
634 852 722 902 vere,
746 835 870 891 Crueer's
886 832 1014 910 quiden.
1058 832 1147 904 Quen
1165 852 1221 890 non
1236 852 1291 890 sua

210 929 312 996 sparte
342 920 371 976 is
401 919 446 976 bis
475 918 675 997 particularum
706 937 776 976 acro
802 953 844 965 -
871 919 986 995 quidem
1016 919 1125 996 positus
1152 915 1290 976 offendit?

208 1004 292 1062 Tolle
316 1003 356 1062 ibi
381 1023 467 1073 oeno,
495 1005 575 1061 cuins
600 1004 668 1060 loco
695 1001 791 1060 Gaell'.
819 1005 852 1066 2.
880 1013 976 1060 nutem
1003 1002 1138 1082 praebet,
1166 1013 1197 1064 et
1221 1023 1290 1062 sana

210 1091 305 1147 omnia
321 1088 442 1148 ridebis.
482 1091 602 1165 (lur'dear
621 1088 695 1150 enlm
712 1107 787 1146 sue
802 1099 894 1150 notat.
933 1086 1069 1146 Gorneas
1085 1087 1123 1148 ad
1141 1087 1204 1146 Cic.
1223 1087 1288 1150 Fiu.

210 1175 245 1234 ll.
266 1186 295 1233 et
311 1173 410 1245 ΜΛ,
434 1175 491 1244 19,
514 1175 568 1232 63.
588 1194 618 1254 p.
638 1175 709 1242 88„
730 1193 786 1251 qao
804 1184 925 1232 auctore
943 1172 1061 1233 Scbntn.
1080 1193 1151 1232 nero
1169 1171 1287 1234 delerit.

207 1260 279 1318 sttui
305 1258 417 1338 quidem
443 1259 558 1336 vulgata
583 1277 653 1317 sera
678 1257 802 1318 ridetur.
848 1259 953 1318 l'crbis
979 1258 1288 1318 monterianum

208 1366 265 1404 usa
283 1365 364 1424 quum
387 1344 546 1416 Romanos,
565 1355 623 1402 tum
641 1363 673 1403 se
692 1345 780 1422 ipsum
798 1345 944 1421 intelligit,
964 1341 1197 1422 quemadmodum
1214 1344 1289 1402 inl'ra

209 1452 237 1488 e.
261 1433 318 1500 29,
348 1431 422 1490 l00.
449 1431 504 1488 sed
522 1432 657 1493 ιἰιιιοιιιιιι
678 1426 819 1507 profecto
839 1439 895 1488 est.
937 1429 1060 1488 Scilicet
1079 1447 1150 1490 uero
1167 1439 1289 1487 nonest

208 1515 381 1594 iungendam
407 1535 470 1574 cum
497 1516 626 1592 quiden,
654 1513 707 1572 sed
732 1514 821 1573 verba
842 1517 873 1573 is
895 1515 1065 1574 eruton'bus
1086 1533 1155 1572 reru
1178 1514 1289 1578 incisim

209 1601 285 1660 dicta
307 1611 386 1670 sunt,
414 1600 502 1659 rerba
524 1611 619 1660 autem
639 1601 761 1658 Graecas
778 1601 892 1676 parilem
910 1601 989 1678 quasi
1007 1601 1036 1658 in
1054 1589 1217 1677 parentbesi
1236 1619 1289 1678 pu·

208 1689 275 1746 sita.
313 1685 509 1758 „Partis-ulam
528 1705 597 1743 cero
616 1683 775 1746 editoribus
793 1695 953 1763 suspectam
971 1695 1068 1744 tuetur
1085 1684 1120 1748 0.
1140 1683 1181 1744 bl.
1196 1683 1289 1750 bluci-

208 1773 254 1832 ler
270 1773 299 1833 iu
317 1771 396 1832 labni
413 1770 518 1830 Anual.
539 1771 639 1850 pbilol.
658 1771 727 1832 Vol.
747 1772 779 1831 2.
799 1790 830 1848 p.
849 1772 903 1830 94.
948 1770 1041 1832 lolert
1057 1769 1130 1830 baec
1148 1769 1288 1847 particula

208 1868 403 1934 argumentum
420 1857 597 1936 primarium,
626 1857 706 1914 cuius
723 1856 778 1914 uim
796 1855 919 1913 intendit
936 1857 1090 1933 qm'eemnv
1108 1855 1173 1913 Bm.
1217 1854 1288 1912 Cum

207 1942 349 2000 bluellero
370 1952 402 2000 et
421 1941 543 2021 Meyern
565 1943 679 1999 retineo
701 1960 776 1998 nnnc
799 1941 965 2018 particulam
986 1961 1073 2010 auro,
1101 1944 1171 1999 satis
1193 1940 1287 1998 liema-

208 2038 264 2086 tam
291 2027 391 2085 aVit.
414 2027 495 2088 Eius.
520 2025 626 2084 Dresd.
651 2045 686 2083 ac
709 2015 840 2086 consulto
862 2025 929 2084 iden
952 2045 1064 2104 quoque
1086 2027 1222 2103 positam,
1252 2044 1287 2084 ne

208 2113 281 2172 male
299 2114 467 2190 iungeretur
484 2115 516 2171 ιἰι
534 2111 704 2173 oratoribus
722 2113 845 2170 Graecis
862 2111 993 2188 quidem
1021 2131 1086 2170 nam
1102 2111 1175 2170 baec
1196 2114 1286 2172 Grae

208 2200 252 2256 eis
268 2199 382 2275 quadem
403 2199 481 2257 solut
497 2197 650 2274 separatim
668 2197 760 2274 posita
778 2197 820 2254 sic
839 2194 1007 2274 explicanda
1023 2206 1104 2256 sunta
1131 2195 1210 2274 quod
1227 2195 1287 2274 qui·

208 2281 272 2342 dnm
291 2282 327 2342 de
346 2283 465 2343 Graecis
483 2283 653 2361 praesertim
671 2282 758 2352 valet,
778 2301 860 2360 quum
879 2283 956 2342 inter
973 2281 1076 2340 latinns
1094 2293 1179 2342 nemo
1196 2281 1286 2340 adbuc

207 2369 284 2434 inter
305 2388 403 2427 omnes
425 2387 518 2446 aeque
540 2368 681 2438 excellat,
708 2377 794 2446 atquc
817 2367 975 2430 interillos
993 2365 1214 2426 Demosthenes.
1233 2365 1283 2427 01.

207 2453 267 2512 Sed
290 2455 394 2513 Cicero
417 2473 556 2532 nunquam
577 2453 621 2510 sui
643 2471 760 2531 prorsus
782 2451 886 2512 oblitus
907 2471 972 2510 suas
995 2471 1042 2512 res
1064 2453 1092 2510 iu
1116 2471 1286 2512 commemo-
1337 2517 1338 2520 Ἴ

206 2538 304 2598 randis
321 2538 451 2598 laudibus
468 2550 499 2596 et
515 2537 665 2596 virtutibus
683 2538 769 2595 etiarn
786 2537 827 2595 ibi
844 2538 1006 2596 immiscere
1023 2537 1109 2607 solet,
1128 2537 1177 2596 ubi
1195 2555 1285 2596 nears
1337 2569 1338 2572 ι

207 2624 319 2703 quidem
346 2636 376 2684 et
401 2625 528 2683 versutia
553 2623 691 2680 cretionis
717 2623 761 2680 sui
787 2641 913 2681 amorem
939 2623 1009 2682 satis
1035 2622 1178 2699 obtegere
1198 2622 1283 2682 valet.

207 2709 289 2782 Quod
312 2712 339 2768 ei
358 2711 412 2768 iam
430 2709 465 2766 ab
483 2709 652 2788 antiquitate
670 2725 760 2786 saepe
777 2708 848 2766 sitio
865 2727 993 2778 versum,
1022 2727 1136 2786 quoque
1154 2727 1219 2766 eum
1237 2727 1284 2764 no-

206 2796 281 2853 mine
309 2796 412 2852 irustra
440 2794 641 2866 Quintilianum
668 2795 724 2863 il,
754 2794 789 2862 1,
818 2792 871 2851 17.
899 2811 1039 2852 excusare
1066 2804 1198 2856 conatum
1222 2809 1283 2852 esse
1336 2855 1337 2860 ἵ

206 2881 315 2938 monuit
336 2880 368 2938 F.
393 2878 486 2936 lland.
511 2894 536 2935 s.
560 2898 589 2938 ιι.
614 2877 719 2937 Cicero
737 2876 813 2957 apud
834 2877 937 2938 Erseb.
958 2887 989 2936 ct
1006 2875 1095 2936 Grub.
1115 2879 1145 2943 in
1162 2876 1282 2957 Encyel.

34 2905 42 2926 ⁰
104 3031 108 3038 ,
206 2963 272 3026 ΛΑ.
294 2974 325 3024 et
341 2963 403 3028 LL.
427 2983 458 3042 p.
478 2965 542 3021 214
558 2962 589 3022 b.

291 3059 323 3107 et
341 3059 431 3110 oeteo
444 3046 585 3126 sererent.
614 3048 649 3106 C.
673 3047 713 3107 N.
738 3047 774 3107 ll.
797 3047 953 3108 Muellerus
976 3049 1005 3106 in
1027 3047 1185 3126 scriptione
1204 3047 1284 3106 scbo-

207 3135 308 3194 lastica
327 3134 532 3206 (Zullicbariae
551 3133 645 3194 1817.
664 3137 712 3204 4.)
733 3134 804 3192 baec
821 3134 910 3193 verba
924 3135 964 3192 ita
977 3135 1167 3213 impugnavit:
1181 3133 1282 3205 „llaec
1335 3183 1336 3186 ,

206 3218 294 3277 verba
315 3219 371 3276 boc
393 3219 458 3276 loeo
477 3220 543 3276 mibi
562 3239 618 3276 non
635 3217 769 3277 ridentur
785 3230 864 3298 apta.
910 3219 1015 3278 Cicero
1033 3220 1108 3278 enim
1126 3220 1155 3276 in
1173 3221 1283 3278 univer·
1335 3227 1336 3268 l

206 3323 265 3370 sum
288 3303 411 3382 probare
429 3305 503 3373 vult,
531 3305 610 3362 virus
628 3305 884 3363 excellentissimos
901 3305 1151 3382 praestantissimis
1169 3307 1198 3364 lu
1218 3321 1282 3382 quo-

206 3408 261 3466 qne
288 3407 397 3466 genere
425 3399 456 3446 et
480 3388 536 3446 bne
564 3389 628 3446 loco
651 3391 787 3467 imprimis
809 3391 983 3468 praestantia
1005 3389 1209 3448 Demosthenis
1231 3405 1281 3446 uon

206 3473 362 3531 deterritos
380 3474 479 3532 luisse.
527 3471 675 3545 Quomodo
692 3483 786 3532 autem
803 3471 867 3532 beri
886 3485 1011 3553 poterat,
1031 3485 1063 3533 ut
1079 3485 1223 3544 oratores,
1239 3470 1280 3550 qul

205 3568 272 3616 ante
296 3558 516 3616 Demosthenem
539 3559 668 3628 inerant,
697 3579 752 3622 noa
776 3557 993 3618 deterrerentur
1015 3562 1075 3618 eius
1093 3558 1280 3640 praestantia?
1334 3577 1335 3580 ¹

205 3642 320 3721 ltaque,
349 3643 404 3701 nisi
426 3645 521 3701 omnia
538 3643 715 3714 meloduni,
744 3645 793 3702 illa
813 3645 903 3704 verba
923 3646 971 3704 rel
988 3665 1006 3703 a
1024 3645 1175 3704 Ciceronis
1193 3641 1279 3719 negli-

205 3729 319 3805 gentia,
338 3727 402 3800 vel,
422 3727 498 3806 quod
516 3729 603 3786 multo
621 3723 801 3788 verisimilius
819 3741 874 3801 est,
893 3751 912 3789 a
930 3731 1109 3790 librariorum
1127 3730 1237 3788 incuria
1254 3733 1279 3782 et

203 3814 367 3871 temeritate
385 3813 517 3891 proiecta
534 3821 637 3872 suut.‘⁶
678 3814 786 3876 Contra
803 3816 875 3874 baec
894 3815 1017 3876 Orellius
1034 3817 1182 3876 verissime
1200 3811 1276 3879 dixit,

205 3897 387 3968 Ciceronem,
407 3899 431 3955 si
449 3900 539 3956 minus
557 3899 710 3978 eleganter
727 3900 804 3979 loqui
821 3901 970 3974 voluisset,
990 3901 1159 3978 scripturum
1177 3900 1275 3960 luisse:

203 3991 239 4041 ut
258 3985 345 4040 etiam
368 3992 458 4042 caua
470 3981 615 4061 suerum,
644 4005 699 4064 quo
722 3987 799 4043 iacto
817 3987 958 4044 neminem
976 3987 1004 4044 in
1022 3986 1078 4044 boe
1097 3986 1163 4044 loco
1182 3985 1277 4042 haesu-

203 4085 265 4126 rum
283 4067 383 4125 fuisse.
427 4067 492 4132 Nee
508 4089 579 4128 vero
597 4070 686 4129 verba
703 4081 736 4129 et
755 4081 845 4130 natea
853 4068 984 4148 suerunt
1000 4072 1083 4130 alium
1103 4089 1213 4129 sensum
1231 4065 1275 4124 ba·

203 4151 284 4211 bent.
329 4151 382 4210 Est
404 4155 477 4212 enim
500 4175 561 4214 mos
582 4157 759 4234 antiquorum
778 4158 964 4234 scriptorum,
993 4157 1162 4215 senteutiam
1179 4167 1275 4212 secun-

204 4234 310 4296 dariam
332 4248 364 4296 et
384 4239 498 4298 aliunde
520 4239 691 4319 pendentem
714 4251 823 4320 partem
841 4241 994 4322 primariae
1011 4239 1150 4301 faciendi.
1196 4234 1273 4294 Cuius

202 4341 268 4381 usus
290 4323 402 4384 memini
426 4345 499 4384 nuuc
518 4325 630 4406 quidem
648 4325 767 4386 duorum
786 4327 978 4404 exemplorum
996 4323 1071 4404 apud
1088 4318 1271 4403 Thucydidem

1332 3865 1334 3906 l
