2678 4974
380 475 384 499 ¹
481 457 575 511 cat.
600 457 661 511 xlt.
680 459 724 514 28.
1075 459 1140 522 ΩΙ

62 578 183 688 iustiore
200 631 383 707 consecuturo
402 627 458 688 Gn.
474 631 504 688 1.
524 635 701 708 (quanquam
719 627 882 690 dubitanter
898 627 934 690 tle
953 629 1008 690 hot
1027 629 1141 710 quidem
1241 705 1244 712 ι

64 714 143 772 Orell.
166 714 322 792 loquitur),
349 733 441 792 marg.
462 713 598 785 Tuliclrii,
625 713 755 774 Norint.
777 715 852 775 Veu.
872 717 901 774 1.
918 715 997 776 Med.
1015 715 1084 776 Ero.
1103 735 1140 778 ee

61 802 182 860 surdiora
203 807 400 859 0000001011οι
417 799 500 858 Eine.
522 799 592 858 Ase.
615 802 645 858 2.
669 819 705 858 ea
725 801 854 860 studiose
877 821 909 860 re
922 811 1138 862 eoaseetotuoa

6 909 9 918 ·
62 883 127 942 leot.
150 886 180 942 2.
193 903 240 952 ,ee
260 886 356 944 studio
379 903 410 944 re
432 891 637 944 ederseetetum.
658 884 726 944 stu.
745 888 774 944 2.
794 884 933 963 probante
951 885 1073 959 Beier03
1102 905 1140 948 ee

60 989 88 1027 re
106 970 234 1028 studiose
256 979 453 1030 consectatore
476 969 581 1030 602.
606 977 696 1042 (teste
716 968 824 1030 Orellio
843 971 871 1028 in
890 969 936 1030 ed.
956 973 1002 1042 1.)
1021 971 1088 1032 Ald.
1107 974 1138 1030 2.

61 1053 183 1112 lambio.
212 1063 413 1114 susurratum
444 1052 646 1132 σιω-,1010100
671 1054 721 1114 ur.
751 1057 941 1116 Conseruntur
968 1057 1026 1116 lert
1052 1059 1138 1118 etiem

61 1136 123 1198 else.
145 1141 175 1198 1.
195 1157 232 1198 eo
248 1140 429 1200 suetoso
445 1150 628 1201 remoratum
644 1141 808 1218 suspiratur
824 1139 896 1200 llrn.
911 1139 1030 1219 Triplex
1046 1144 1139 1203 oritur
1205 1205 1208 1212 ⁴

62 1225 199 1302 quaestio:
229 1226 258 1283 1.
282 1234 371 1284 unuln
394 1245 426 1284 se
444 1224 608 1303 legendum,
635 1246 670 1284 an
689 1225 872 1286 omittendam
891 1227 936 1286 sit.
956 1229 986 1284 2.
1004 1227 1028 1286 si
1045 1247 1077 1286 se
1094 1228 1138 1286 le·

61 1311 142 1387 gltru,
165 1320 259 1370 atron
273 1311 371 1370 studio
388 1330 434 1382 re,
453 1330 488 1368 an
505 1331 537 1370 se
551 1312 697 1392 studr’ore,
716 1329 751 1370 an
769 1313 898 1370 studiose
916 1331 947 1370 se
967 1313 1137 1389 praelerea-

61 1395 116 1454 dun
137 1396 184 1456 sit.
208 1396 238 1454 3.
261 1405 354 1454 nuum
374 1401 559 1456 tonsoratum
580 1415 617 1454 au
631 1402 836 1456 'oooseetotura
858 1407 995 1475 praestet.
1018 1396 1041 1456 l.
1064 1395 1137 1456 Pro·

61 1481 166 1552 uomina
183 1499 241 1550 me,
267 1490 309 1551 te,
326 1500 358 1538 se
375 1480 403 1538 in
423 1491 565 1540 structura
582 1481 736 1540 accusativi
755 1501 816 1540 euno
835 1482 973 1540 infinitivo
992 1501 1049 1540 nou
1067 1501 1136 1541 raro

61 1567 152 1635 omitti,
172 1563 332 1624 docuerunt
349 1564 492 1624 Gorneae.
511 1564 548 1624 ad
566 1565 627 1624 Cio.
645 1566 705 1626 llio.
725 1566 759 1624 B.
777 1577 808 1624 et
824 1566 863 1625 M.
882 1569 912 1636 2,
930 1568 960 1636 3,
979 1569 1008 1626 9.
1023 1569 1133 1646 prta.
1200 1561 1205 1570 ’

61 1651 156 1721 etalii,
176 1669 248 1728 epuns
266 1650 365 1710 sitavit
383 1649 412 1708 l'.
432 1649 522 1710 lland.
541 1649 767 1728 athopkensii
784 1651 881 1714 Leett.
897 1652 1016 1710 Tulliae.
1036 1673 1062 1731 p.
1083 1654 1133 1712 13.

61 1737 134 1794 Cori.
152 1755 229 1813 supr.
249 1753 276 1793 e.
296 1735 325 1806 7,
343 1736 394 1794 23.
413 1734 477 1794 Nee
495 1746 590 1796 taurea
608 1735 637 1820 id
655 1755 769 1815 semper
786 1737 851 1796 lieri
868 1757 961 1816 posse,
981 1748 1013 1796 et
1029 1748 1133 1816 sponte

60 1841 103 1879 sua
122 1830 255 1899 apparet,
283 1839 338 1880 ner
360 1821 505 1899 praesenti
524 1821 589 1880 loeo
608 1821 791 1888 omittendum
810 1813 889 1893 isse,
917 1821 1048 1900 probavit
1066 1823 1133 1882 milri
1190 1855 1195 1870 =

61 1899 302 1966 et0rullioiden1
321 1904 460 1976 lltudius,
484 1907 564 1966 euius
581 1906 653 1966 lueee
671 1907 760 1966 verlra
777 1918 855 1966 sunt:
883 1907 960 1979 „Ulsi
979 1910 1007 1966 in
1026 1925 1133 1986 prouo-

59 1992 124 2050 uiue
142 1991 353 2070 proprie'inest
369 1991 412 2049 vis
430 1992 528 2062 maior,
547 2003 595 2050 ant
612 1992 660 2052 ubi
677 1993 848 2070 ambiguitas
865 1993 1068 2072 qualiscunque
1085 2011 1135 2052 re·

58 2074 189 2134 uerenda
213 2085 278 2147 est,¹
298 2077 463 2135 necessario
474 2073 601 2154 ‘ponitur
623 2096 788 2156 pronomen.
834 2069 898 2136 Net
921 2077 1022 2138 deesse
1046 2079 1133 2138 looile

58 2172 145 2238 potest
166 2160 203 2219 ot
226 2161 299 2220 hane
320 2162 376 2220 viro
400 2161 428 2220 io
452 2172 581 2234 oratore,
608 2167 670 2220 sive
691 2162 847 2222 scribamus
870 2183 933 2222 eum
954 2162 1030 2222 Aldo
1049 2181 1134 2222 ease

58 2247 109 2305 sive
137 2255 205 2306 eum'
226 2245 361 2306 Ernestio
386 2249 515 2324 studiose
535 2267 576 2306 se.
621 2246 667 2316 ld,
695 2245 770 2324 quod
790 2247 966 2325 llloyeruse
993 2268 1056 2326 eap.
1080 2250 1133 2318 69,
1159 2289 1163 2306 .

59 2331 225 2390 23303001
242 2332 331 2410 ipsura
350 2331 436 2391 habet
451 2339 515 2390 se.“
558 2331 594 2390 ll.
615 2331 730 2390 Solunte.
750 2335 864 2410 scripsit
880 2336 977 2392 studio
994 2353 1040 2404 se,
1059 2334 1135 2395 siout

59 2428 136 2476 antea
157 2415 268 2476 (linatur
290 2419 327 2476 de
344 2417 490 2476 radustrio
508 2425 538 2474 et
555 2417 634 2479 Brut.
655 2419 688 2488 8,
712 2418 761 2476 33.
781 2419 883 2476 dedito
900 2437 1001 2496 opero.
1026 2419 1135 2478 Contra

60 2499 407 2562 sustentantione.
427 2500 459 2560 B.
480 2511 510 2560 et
526 2501 565 2560 M.
585 2505 619 2572 1,
643 2505 697 2573 tu,
722 2503 772 2562 33.
792 2523 820 2581 p.
837 2505 879 2564 16
897 2523 972 2562 vers.
992 2504 1054 2573 ltu,
1078 2503 1134 2564 etsi

56 2589 144 2646 studio
172 2607 209 2645 ex
236 2585 348 2646 Graeco
375 2585 485 2665 σπονδῇ
511 2585 627 2646 delendi
649 2590 752 2666 possit,
780 2599 873 2648 temen
896 2589 1067 2648 aSchuteio
1088 2590 1133 2660 (ia
1238 2665 1240 2672 γ

59 2671 97 2730 ed.
121 2675 148 2730 1.
166 2676 181 2731 l
199 2691 262 2730 uam
285 2673 313 2730 in
332 2673 423 2731 altera
441 2673 528 2731 habet
544 2675 704 2744 studiose,
729 2672 849 2745 uldini)
868 2676 999 2734 rtrcdo'ose
1017 2675 1134 2733 verissi-

58 2775 96 2816 no
121 2764 298 2816 contractum
322 2776 387 2818 esse
410 2759 542 2816 alliu-arat.
594 2756 750 2818 Addideris
772 2757 808 2818 ad
830 2760 941 2818 haece
969 2759 1132 2818 Goerenzio
1254 2773 1255 2776 ’

58 2839 139 2914 diota,
166 2863 224 2902 nou
246 2843 331 2902 aliter
351 2845 481 2902 studiose
503 2845 568 2902 inlr.
593 2863 618 2902 0.
643 2845 698 2915 56,
723 2846 785 2904 190
803 2847 923 2921 positum
943 2863 1021 2914 esse,
1050 2865 1133 2922 quana

7 2963 8 2980 ι
57 2945 142 2998 senar,
161 2949 216 3006 qao
234 2926 282 2986 hie
300 2948 318 2986 o
339 2947 372 2986 us
390 2939 436 2988 est
453 2929 474 2986 i.
492 2947 518 2987 e.
538 2928 574 2988 de
593 2928 739 2998 industria,
759 2929 936 2988 absiclrtlielr.
981 2929 1133 2988 Nihilomi-

58 3029 102 3070 nus
118 3013 239 3091 praetuli
255 2949 352 3072 ruodo
370 3033 411 3083 se,
430 3015 496 3091 quia
513 3016 610 3072 suedie
629 3012 731 3071 eodem
749 3007 834 3072 sen'su
853 3012 1011 3091 praeditum
1031 3025 1083 3083 est,
1103 3024 1134 3072 et

57 3095 117 3154 milri
137 3099 306 3177 scripturam
330 3098 479 3168 librorum,
507 3099 554 3176 qui
576 3099 705 3176 plerique
728 3100 857 3156 studiose
879 3098 941 3156 sine
962 3118 994 3158 se
1016 3098 1139 3169 habunt,
1254 3127 1259 3147 ·

58 3180 168 3242 intuemi
185 3184 352 3242 tutissimum
369 3183 457 3242 visum
477 3193 535 3252 est,
554 3202 591 3242 ne
607 3203 640 3241 se
658 3182 787 3253 deesset,
807 3201 879 3242 uere
902 3182 1046 3253 librorum,
1067 3203 1133 3242 cer·

57 3265 217 3328 tissinornm
240 3269 268 3326 in
290 3267 393 3328 talibus
410 3267 484 3326 loeis
503 3267 617 3338 dueum,
632 3267 729 3328 'fidens
747 3267 981 3345 transgrederer,
1009 3267 1132 3330 diductis

58 3352 175 3428 syllabis,
198 3354 333 3414 facillima
351 3351 520 3412 emendandi
538 3355 665 3424 ratione,
683 3355 781 3412 studio
799 3374 831 3411 se
849 3353 960 3430 legere.
984 3354 1034 3414 lll.
1055 3357 1132 3414 Coa-

57 3441 133 3513 seqrn’
151 3458 204 3518 pro
228 3441 397 3498 conserturi
416 3437 472 3498 diei
496 3459 511 3496 a
531 3438 688 3508 Cicerone,
717 3437 815 3497 docuit
832 3437 901 3497 Era.
920 3441 949 3498 iu
968 3440 1005 3498 el.
1023 3450 1054 3498 et
1070 3439 1132 3498 sul-

58 3531 141 3594 gataur
171 3534 356 3583 ooaseeutuno
386 3525 533 3602 praesenti
560 3524 626 3582 loeo
653 3526 753 3584 mutari
782 3535 860 3582 uetat
887 3523 1029 3584 Goereuz.
1057 3524 1076 3582 Ι.
1103 3543 1130 3582 0.

58 3607 156 3668 scribas
178 3608 278 3668 disens
301 3609 343 3668 sie
361 3627 449 3687 saepe
468 3621 591 3668 mutasse
610 3612 751 3686 consequi
767 3620 796 3668 et
814 3612 995 3680 oonseotorr‘,
1022 3608 1059 3668 do
1078 3629 1132 3687 qua

57 3707 84 3748 re
105 3690 173 3753 dixit
195 3693 270 3752 idem
292 3693 329 3752 ad
351 3694 413 3752 Cle.
435 3694 530 3772 Legg.
554 3697 587 3765 2,
616 3696 649 3764 7,
677 3698 727 3755 18.
751 3713 814 3752 eum
832 3713 938 3754 morem
958 3696 1051 3772 agitur
1069 3714 1132 3754 eum

58 3773 202 3851 breuitate,
229 3781 391 3857 sr'potero,
419 3799 584 3857 consequor
605 3780 666 3851 1⁹).
709 3779 834 3838 Tametsi
852 3779 897 3836 hio
921 3793 1032 3857 quoque
1056 3777 1131 3858 apud

58 3875 95 3918 me
119 3866 208 3924 maior
233 3883 366 3923 numerus
393 3863 528 3924 librorum
554 3865 726 3942 praevaluit,
754 3866 782 3922 in
806 3863 905 3941 quibus
923 3863 1131 3924 Einsiedlensis

58 3955 103 4083 {st
153 3949 287 4009 Ceterum
310 3948 405 4020 „huno
429 3949 522 4008 loounr
545 3952 648 4020 ortt,
675 3951 727 4008 42.
740 3950 865 4027 respicit
884 3949 998 4022 Quintil.
1018 3951 1072 4031 10,
1101 3950 1130 4020 1,

75 4030 120 4087 9.“
137 4032 202 4093 Ber.

59 4165 257 4188 *Q*—

117 4235 157 4297 ¹’)
174 4235 310 4287 contrario
319 4237 394 4294 morlo
403 4235 528 4300 persequi
539 4225 645 4297 olici'pro
654 4240 781 4303 consequi,
792 4242 818 4285 ot
827 4238 962 4286 Hetaerice
971 4231 1068 4285 tettae
1078 4249 1124 4296 pro

57 4301 315 4359 11Ζεῖνιιιιίιιιιιιὶιιιι111
328 4308 448 4356 Doederl.
461 4309 517 4359 Lat.
526 4305 588 4368 Syn.
605 4307 662 4366 liol-
676 4309 700 4356 3.
713 4321 737 4388 ιι.
750 4309 809 4354 118.
823 4321 860 4366 eq.
