2764 4978
83 443 100 504 ¹·
190 485 261 590 ¹,aa
504 487 534 511 ἰ
662 493 856 558 oneror
925 509 933 532 =

153 705 157 714 ·
213 671 312 742 timue
338 669 421 764 dici,
446 671 514 742 ium
538 670 736 762 videbimuss
765 677 871 764 nnnc,
897 681 976 772 quot
1001 671 1106 745 modis
1131 667 1300 749 mutentur

214 773 524 871 comprehensiones
549 774 859 870 conclusionesque,
891 774 1063 847 dicendum
1091 785 1153 848 est.
1204 775 1300 848 Fluit

212 877 348 948 omnino
370 901 523 948 numerus
545 899 566 946 a
585 876 693 976 primo
713 885 782 950 tum
798 877 971 950 incitatius
992 879 1153 950 brevitate
1178 879 1301 976 pedum

213 986 283 1050 tum
317 979 516 1075 proceritatc
549 979 700 1050 tardius.
746 977 888 1052 Cursum
926 982 1154 1052 contentiones
1192 983 1299 1077 magis

213 1080 401 1177 requirnnt,
419 1081 642 1178 expositiones
659 1105 770 1154 rernm
788 1081 989 1154 tarditatem.
1039 1081 1172 1155 Insistit
1187 1093 1299 1156 antem

199 1171 355 1263 ‘exubitus
376 1183 482 1255 modis
508 1184 674 1280 plnrihus,
701 1207 720 1255 e
741 1183 861 1280 quihus
875 1178 982 1256 'unum'
1004 1193 1055 1258 est
1076 1193 1191 1257 secate
1211 1186 1300 1285 Asip

214 1285 373 1378 maxime,
394 1285 450 1383 qui
472 1286 645 1359 dichoreus
666 1295 819 1378 vocatur,
841 1311 916 1359 cnm
938 1288 1003 1360 duo
1025 1288 1164 1360 extremi
1185 1287 1300 1360 ehorei
1338 1369 1341 1377 ¹

214 1397 305 1480 sunt,
322 1387 358 1459 id
376 1396 441 1481 est,
460 1413 479 1461 e
496 1389 636 1484 singulis
652 1388 762 1486 longis
779 1397 813 1462 et
829 1389 994 1463 breuibus.
1037 1387 1299 1486 Explanandum

22 1577 27 1588 x
214 1500 263 1564 est
281 1491 385 1584 enim,
407 1490 495 1587 quod
512 1491 554 1562 ab
573 1491 648 1562 aliis
665 1489 764 1563 iidem
786 1491 887 1588 pedes
909 1491 986 1565 aliis
1003 1490 1172 1564 vocabulis
1190 1495 1300 1564 nomi-

146 1611 207 1670 213
218 1599 351 1666 nentur.
400 1591 590 1665 Dichoreus
607 1618 674 1665 non
692 1601 743 1666 est
758 1593 817 1666 ille
835 1593 965 1691 quidem
986 1619 1047 1666 sua
1067 1601 1184 1692 sponte
1200 1595 1300 1667 vitier-

213 1721 269 1768 sus
294 1696 329 1767 iu
352 1693 528 1788 clausulis,
554 1695 673 1767 sedin
698 1697 857 1769 orationis
883 1721 1019 1770 numero
1045 1695 1128 1768 nihil
1154 1707 1206 1769 est
1231 1706 1298 1769 tam

212 1797 365 1870 vitiosum
386 1822 484 1894 quam
505 1798 535 1870 si
557 1815 686 1896 semper
706 1807 758 1870 est
777 1800 877 1872 idem.
930 1798 1030 1872 Cadit
1050 1807 1160 1872 autem
1180 1825 1242 1898 per
1264 1825 1299 1872 se

211 1899 272 1972 illc
301 1901 373 1996 ipse
403 1900 593 1998 praeclare,
623 1927 687 1996 quo
718 1902 816 1974 etiem
846 1901 981 1980 satietas
1011 1901 1218 1973 formidanda
1250 1911 1300 1975 est

213 2003 331 2099 iringis.
383 2001 444 2076 Me
465 2010 573 2075 stante
596 2001 637 2076 C.
657 2001 785 2094 Carbo,
813 2003 854 2078 C.
872 2003 933 2096 F,
958 2003 1242 2102 tribunusplebis
1264 2005 1298 2078 iu

213 2105 374 2178 concione
400 2105 484 2176 dixit
509 2105 561 2176 his
586 2105 712 2198 verbis,
748 2105 944 2180 OMoree
969 2107 1113 2194 Druse,
1137 2115 1298 2206 putrem

214 2206 382 2306 appelle:
404 2207 487 2280 haee
507 2207 638 2304 quidem
661 2208 724 2280 dno
747 2209 833 2281 hinis
855 2209 993 2306 pedihus
1010 2207 1154 2282 incisim.
1203 2207 1297 2282 Dein

213 2307 436 2402 menbratim,
466 2309 522 2382 Tu
542 2310 669 2383 (licere
689 2309 849 2402 soledus,
871 2335 1026 2384 sucrum
1048 2335 1124 2383 esse
1146 2335 1297 2410 rempu-

145 2407 376 2487 214hle'cum:
410 2411 493 2486 haee
528 2411 625 2504 [item
643 2412 824 2506 membra]
860 2415 975 2486 ternis.
1026 2411 1111 2484 Post
1144 2415 1297 2506 ambitus,

217 2515 448 2614 Quicumque
475 2539 561 2588 eum
586 2515 841 2606 eiplacuisset,
872 2515 920 2589 ud
951 2513 1121 2589 omnebus
1153 2541 1232 2590 esse
1264 2517 1301 2589 et
1362 2535 1363 2602 ι

155 2662 157 2666 .
206 2641 353 2716 poenus
379 2615 622 2716 persolutus:
657 2617 844 2692 dichoreus.
894 2617 989 2692 Nihil
1020 2619 1106 2690 enim
1141 2619 1296 2710 adrem,
1362 2691 1363 2700 ,

212 2729 359 2792 extrema
384 2719 445 2790 ille
469 2720 570 2816 longa
596 2720 639 2791 sit
664 2745 708 2793 au
733 2721 855 2794 brevis.
904 2719 1053 2814 Deinde,
1081 2721 1219 2794 Putris
1243 2722 1295 2794 de’-

212 2831 317 2894 etum
333 2821 483 2920 sopiens
497 2822 695 2895 temeratos
702 2822 1059 2922 fib’comprobocs't.
1088 2823 1165 2897 Hoc
1179 2823 1296 2896 dicho-
1362 2857 1363 2906 ι

112 2931 115 2940 “
210 2948 268 2997 reo
289 2931 398 2997 tantus
421 2924 547 2997 clamor
569 2925 738 2998 concionis
760 2925 923 2999 excitatus
946 2933 1012 3019 est,
1038 2936 1076 3001 ut
1099 2927 1296 3000 admirabile

211 3036 309 3101 esset.
362 3027 512 3120 Quaero,
533 3053 643 3101 nonne
659 3027 694 3100 id
711 3052 865 3101 numerus
884 3026 1055 3101 effecerit?
1105 3028 1295 3104 Verborum

211 3129 359 3202 ordinem
380 3130 532 3223 innunta,
554 3130 609 3202 fae
631 3131 696 3222 sic,
723 3128 989 3232 Comprubu'ce‘t
998 3131 1072 3224 fils·
1085 3131 1293 3218 tememtus,

210 3231 278 3303 iam
295 3229 379 3305 nihil
397 3234 475 3324 erit,
498 3233 561 3305 etsi
579 3234 777 3306 temeritas
790 3255 836 3306 ex
853 3233 959 3306 trihus
975 3234 1128 3307 brevibus
1146 3243 1179 3307 et
1195 3235 1295 3332 longa

211 3339 276 3426 est,
295 3338 392 3430 qu‘em
408 3333 608 3408 Aristoteles
625 3345 663 3408 nt
680 3337 836 3434 optimum
853 3337 987 3434 probet,
1007 3359 1027 3407 a
1044 3361 1107 3436 quo
1126 3338 1293 3410 discutio.

143 3436 264 3508 urent
281 3437 398 3512 eedem
411 3437 511 3509 verba
529 3439 642 3510 eadem
659 3437 832 3510 sententia.
883 3438 1007 3510 Animo
1027 3441 1116 3512 istuc
1133 3439 1215 3512 satis
1234 3447 1293 3530 est,

211 3539 345 3611 auribus
371 3563 437 3612 uon
467 3540 561 3612 satis.
613 3537 684 3614 Sed
713 3540 748 3611 id
777 3540 925 3613 crebrius
954 3540 1029 3614 fieri
1042 3536 1044 3542 ’
1057 3565 1125 3615 non
1155 3549 1293 3640 oportet.

209 3639 361 3714 Primum
382 3641 469 3714 enim
491 3665 645 3714 numerus
667 3643 874 3738 agnoscitur,
901 3643 1019 3716 deinde
1040 3645 1153 3736 satiat,
1179 3652 1293 3742 postea

210 3744 345 3840 cognita
365 3744 526 3816 facilitate
548 3745 779 3820 contemnitur.
831 3741 902 3819 Sed
924 3755 1001 3827 suut
1021 3748 1192 3820 clausulae
1217 3747 1293 3844 pln-

177 3877 179 3884 ’
209 3870 278 3946 res,
297 3869 382 3942 quae
400 3871 573 3920 numerose
591 3854 624 3920 et
639 3847 782 3925 iucunde
799 3848 931 3922 cadant.
982 3847 1071 3926 Nam
1089 3858 1123 3924 et
1138 3850 1291 3938 creticus,

210 3946 268 4046 qni
288 3955 338 4020 est
360 3973 378 4020 e
398 3949 499 4046 longa
521 3955 555 4022 et
575 3949 667 4022 brevi
684 3950 849 4046 strango,
872 3960 905 4024 et
922 3951 992 4025 eius
1010 3953 1157 4050 aequahs
1174 3975 1291 4050 paean,

182 4069 183 4074 ’
210 4049 267 4146 qni
289 4050 395 4148 spatio
417 4075 478 4148 par
499 4059 565 4144 est,
591 4052 720 4148 syllaba
738 4053 887 4151 longior,
912 4077 1010 4151 quam
1031 4055 1289 4127 commodissime

209 4147 343 4250 puniatur
371 4153 407 4224 in
436 4153 576 4226 solutam
609 4155 790 4228 orationem
815 4156 957 4253 illigari,
988 4179 1063 4228 cnm
1089 4157 1134 4229 sit
1158 4157 1289 4254 duplex.

209 4251 298 4326 Num
320 4263 378 4326 aut
399 4277 418 4326 e
438 4255 540 4353 longa
561 4263 613 4330 est
633 4265 666 4328 et
686 4258 792 4330 trihus
813 4259 982 4350 breuibus,
1005 4257 1061 4355 qni
1082 4283 1235 4331 uumerus
1255 4255 1288 4324 in

209 4357 321 4454 pemmo
337 4357 440 4455 viget,
461 4358 552 4433 inest
569 4359 604 4432 in
626 4367 789 4451 extremo,
810 4369 868 4432 eut
888 4386 909 4433 e
930 4359 1063 4433 totidem
1083 4359 1237 4434 breuibus
1258 4362 1288 4426 et
1362 4439 1363 4446 ἵ
