2764 4978
4 533 6 540 ,
113 463 197 523 *n
510 445 513 460 “
617 461 809 522 ouaron

38 707 42 714 ,
132 637 363 728 ’4ἰι1ηοΙειιί,
386 635 473 732 quod
494 659 529 707 se
552 636 683 732 assequi
703 661 800 733 posse
822 625 995 708 diffidere
1024 633 1107 709 ‹Serl
1128 661 1189 734 par
1206 646 1257 711 cst
1380 689 1381 698 κ

176 740 281 812 ornrtis
307 737 600 836 omnia'cxperiru
626 739 684 833 qui
708 760 762 810 res
788 762 925 835 magnas
951 745 984 810 et
1008 763 1128 836 magno
1155 763 1262 836 opere

176 825 376 940 expetenilas
393 839 663 936 concupivenurt.
708 841 805 932 Quod
823 842 852 912 si
870 866 966 937 quern
983 848 1040 912 aut
1057 849 1178 913 natura
1195 867 1256 913 sua

176 953 234 1016 aut
258 944 318 1014 illa
341 943 542 1040 praestantis
567 942 682 1038 ingeni
705 942 755 1014 ris
781 944 866 1014 lorte
892 942 1122 1034 deliciet‚'aut
1147 945 1255 1015 miuus

176 1047 356 1117 instructus
374 1045 437 1117 erit
454 1069 645 1140 magnarum
663 1045 781 1115 artiurn
800 1045 999 1142 disciplinise
1018 1037 1129 1118 teneat
1145 1053 1255 1118 tamen

177 1173 251 1222 euru
268 1171 418 1239 cursuro,
440 1173 536 1243 quern
554 1147 686 1243 poterit.
737 1147 853 1218 Priora
874 1148 961 1218 enirn
983 1156 1172 1243 sequentem
1193 1149 1257 1218 lao-

54 1323 56 1328 .
117 1270 123 1284 ‘
177 1258 306 1324 nesturn
336 1257 387 1336 est
415 1249 451 1320 in
481 1248 635 1322 secundis
665 1235 835 1346 tertiisque
861 1249 1055 1342 consistere.
1106 1249 1195 1321 Nam
1219 1251 1256 1322 in

176 1347 283 1451 poetis
302 1377 371 1424 non
388 1351 535 1422 Homero
557 1351 621 1421 soli
641 1341 735 1423 locus
756 1351 816 1424 est
829 1352 882 1448 (ot
899 1351 939 1424 de
957 1345 1099 1424 Graccis
1119 1347 1255 1449 loquar)

178 1463 236 1526 aut
252 1453 455 1526 Archilocho
477 1461 535 1523 aut
552 1450 713 1548 Sophocli
734 1461 791 1524 aut
807 1453 972 1545 Pindaro,
995 1453 1054 1525 secl
1070 1453 1186 1526 lrorurn
1203 1454 1257 1525 rcl

152 1557 335 1630 tsecuudis
352 1556 405 1627 rel
422 1554 520 1626 etiarn
536 1554 624 1627 iufra
640 1555 814 1627 secundos.
857 1555 930 1628 Nec
946 1581 1023 1627 vero
1041 1555 1256 1630 Aristotelem

176 1660 214 1731 in
238 1649 446 1755 philosophia
472 1657 629 1730 detorruit
651 1681 671 1728 a
690 1655 868 1730 scribendo
889 1657 1068 1756 aorplitrirlo
1090 1658 1257 1750 Platonis,
1315 1697 1322 1714 ι

178 1780 241 1834 nec
261 1759 333 1857 ipse
352 1760 554 1832 Aristoteles
570 1758 762 1858 ¹arlruiralrili
784 1759 923 1856 quodem
945 1761 1085 1832 seientia
1106 1769 1140 1831 et
1160 1761 1262 1857 copia·

178 1870 363 1955 ceterorum
380 1862 489 1934 studia
504 1861 671 1932 restinxit.
713 1861 786 1934 Nec
804 1864 912 1934 solaro
929 1863 970 1934 ab
990 1863 1120 1958 aptioris
1138 1863 1257 1934 studiis

85 2019 87 2026 .
179 1965 381 2036 excellentes
398 1964 461 2034 viri
478 1963 625 2035 deterriti
642 1987 709 2035 non
726 1972 820 2055 suut,
838 1965 895 2042 scol
914 1991 955 2035 ne
974 1965 1108 2060 opifices
1116 1965 1257 2060 quidem

179 2092 215 2138 se
237 2065 364 2138 artibus
387 2066 456 2138 suis
476 2073 700 2157 removerunt,
727 2067 784 2161 qui
805 2074 862 2137 aut
882 2066 1002 2161 Ialysi,
1029 2091 1124 2161 quern
1145 2067 1258 2138 Rhodi

178 2169 333 2262 vidimus,
354 2193 421 2240 uon
438 2175 616 2264 potuerunt
632 2175 690 2238 aut
707 2166 797 2240 Coae
814 2167 959 2240 Veneris
981 2168 1258 2264 pulchritudinem

178 2270 312 2342 imitari.
363 2269 437 2344 Neo
471 2269 768 2344 sennonteus
800 2265 948 2368 Olpopii
982 2279 1039 2342 out
1068 2269 1260 2368 llorpplrori

180 2381 289 2446 statua
307 2371 470 2464 deterriti,
491 2371 613 2467 reliqui
632 2372 740 2446 miuus
763 2373 892 2468 experti
913 2380 1005 2463 sunt,
1029 2373 1107 2469 quid
1125 2375 1259 2458 ellicerc

179 2484 238 2548 aut
263 2501 328 2571 quo
353 2474 508 2572 progredi
532 2482 683 2570 possent:
711 2499 849 2569 quoram
875 2481 967 2546 tauta
988 2476 1161 2546 multitudo
1183 2476 1260 2566 luit,

180 2578 324 2650 tantuin
342 2601 402 2649 suo
419 2576 578 2672 cuiusque
599 2599 719 2671 genere
736 2577 826 2666 laus,
848 2584 901 2667 ut,
922 2599 996 2648 curn
1014 2601 1139 2648 suntote
1156 2579 1260 2649 ruira-

156 2693 310 2771 6remur,
327 2651 486 2752 inleriora
501 2686 612 2750 tamen
628 2679 854 2774 probaremus.
905 2677 950 2750 Iu
967 2680 1152 2752 oratoribus
1167 2704 1260 2771 uero,

150 2856 153 2868 ,
182 2779 324 2857 Graecis
354 2781 500 2876 quidem,
529 2779 722 2878 adrnirabile
752 2788 819 2871 est,
850 2788 1008 2875 quantuor
1037 2781 1125 2852 iuter
1154 2783 1261 2854 otonis

1 2965 3 2976 ,
63 2909 66 2915 ·
181 2908 267 2956 unus
285 2884 440 2956 excellat.
483 2881 538 2954 Ac
555 2889 680 2973 tamen,
696 2906 772 2954 cum
789 2890 877 2956 essct
892 2881 1147 2975 Demosthenes,
1165 2885 1273 2954 onolti-

146 2982 150 2995 “
182 2993 331 3058 oratores
356 2983 468 3081 arragni
493 2992 527 3056 et
552 2983 636 3055 clari
660 2978 809 3076 luerunt,
840 2992 874 3055 ct
899 2991 998 3056 autea
1022 2985 1170 3076 luerunt,
1197 3011 1261 3057 nee

182 3097 299 3186 postea
325 3087 527 3162 deiecerunt.
581 3086 693 3177 Quare
718 3111 785 3158 non
811 3094 877 3177 cst,
904 3111 964 3158 cur
990 3110 1117 3180 eoruro,
1144 3088 1260 3183 quise

68 3257 72 3270 ,
183 3189 291 3262 studio
313 3189 519 3285 eloquentiae
542 3188 750 3280 dediderunt,
777 3213 852 3284 spes
878 3188 1077 3284 infringatur
1102 3199 1159 3262 aut
1178 3186 1262 3262 lan·
1293 3237 1295 3242 -

183 3299 322 3388 gnoscat
349 3291 523 3362 industria.
575 3289 661 3362 Naor
692 3315 799 3385 neque
827 3290 912 3362 illud
941 3291 1063 3386 ipsunt,
1094 3291 1181 3387 quorl
1211 3300 1263 3364 est
1376 3363 1379 3374 ,

185 3393 358 3490 optimum,
394 3392 632 3488 desperandum
662 3399 726 3482 est,
750 3400 794 3462 ¹et
822 3392 858 3464 in
887 3393 1131 3488 praestantibus
1161 3393 1261 3464 rebus

185 3491 399 3591 magnasunt
416 3518 470 3584 ea,
494 3517 578 3589 quae
595 3501 673 3566 sunt
689 3493 819 3589 optimis
836 3494 997 3590 proxima.

162 3602 182 3659 ⁷
291 3594 364 3669 III.
413 3596 526 3692 Atque
548 3620 610 3688 ego
630 3596 666 3666 in
688 3619 813 3666 surooro
835 3603 965 3667 oratore
987 3596 1139 3693 lingendo
1161 3596 1263 3668 talem
1379 3615 1380 3624 ¹

184 3699 386 3790 informabo,
404 3697 512 3793 qualis
529 3696 669 3770 fortasse*
687 3721 782 3768 nemo
801 3696 874 3772 luit.
926 3697 1004 3770 Non
1021 3699 1109 3770 cairo
1126 3724 1263 3795 qrracro,

187 3802 261 3898 quis
281 3801 397 3892 luerit,
420 3800 477 3872 sed
495 3799 573 3894 quid
583 3799 634 3898 sit
649 3799 748 3890 illud,
770 3823 834 3895 quo
852 3797 936 3872 nihil
953 3802 1057 3896 possit
1073 3827 1146 3873 csse
1163 3825 1265 3898 prac-

41 3972 46 3980 ,
186 3903 344 3994 stantius,
370 3901 457 3998 'quod
478 3901 512 3972 iu
534 3902 751 3997 perpetuitate
778 3901 908 3978 dicendi
933 3927 999 3974 nou
1025 3927 1138 3999 saepe,
1165 3911 1264 3998 atque

187 4005 276 4076 haud
300 4005 370 4078 scio
396 4027 440 4078 an
465 4027 647 4099 uunquam,
676 4004 713 4074 in
738 4003 849 4098 aliqua
878 4011 986 4076 autern
1015 4015 1109 4100 parte
1135 4005 1266 4076 eluceat

188 4106 381 4204 aliquando,
407 4105 494 4176 idern
515 4104 602 4200 eprud
623 4105 706 4178 alios
726 4104 874 4198 densius,
900 4106 988 4204 apud
1014 4105 1097 4176 elios
1122 4106 1265 4180 tortasse

163 4210 312 4282 erarius.
358 4206 430 4281 Sed
446 4231 508 4302 ego
525 4207 574 4278 sie
590 4215 713 4298 statuo,
731 4205 815 4278 nihil
831 4232 903 4280 esse
920 4209 956 4278 in
972 4207 1041 4278 ullo
1059 4215 1266 4302 generatam
1378 4297 1379 4306 ἵ

69 4380 77 4390 ,
185 4310 377 4407 pulchrum,
393 4319 464 4408 'quo
485 4332 552 4382 non
573 4307 742 4406 pulchrius
759 4308 793 4380 irl
810 4308 869 4400 sit,
890 4307 978 4382 uude
993 4307 1078 4380 illurl
1094 4315 1131 4380 ut
1148 4333 1190 4380 ex
1207 4333 1267 4388 ore
1378 4319 1379 4358 ἰ
