2764 4978
74 449 83 466 *
136 523 141 534 ·
207 491 253 550 aa
497 481 499 486 ·
651 484 843 550 aaaron

197 611 370 760 'quoddam
395 628 572 760 aucupium,
596 661 823 736 delectationis
848 659 1023 736 ruanifosto
1049 661 1289 758 deprehensum

157 783 197 842 85
208 771 376 862 appareat.
426 763 577 860 Itemque
598 764 628 836 si
649 788 733 860 qnae
749 764 922 838 uerborum
939 763 1130 836 iterationes
1147 773 1290 838 conten·
1375 819 1376 824 ,

206 868 330 939 tionem
347 867 490 962 aliquam
508 875 541 940 et
557 866 734 940 clamorem
750 866 929 963 requirent,
947 874 1045 938 amnt
1062 867 1103 938 ab
1117 865 1184 938 bac
1196 889 1290 940 sunn-

206 963 362 1042 1nissione
388 968 545 1040 orationis
566 969 711 1044 alienaea
738 969 857 1042 ceteris
877 968 1063 1066 promiscue
1084 968 1206 1065 poterit
1227 970 1289 1062 nti,

157 1152 163 1166 ,
207 1071 486 1144 continuationem
502 1071 675 1144 uerborum
691 1069 788 1144 modo
804 1070 935 1144 relaxet
951 1079 984 1142 ct
1001 1069 1138 1163 diuidat,
1155 1075 1290 1144 utatur·

208 1199 271 1270 quc
287 1173 396 1246 verbis
418 1197 516 1268 quam
532 1173 770 1264 usitatissimis,
796 1173 1069 1246 translationibus
1087 1197 1186 1269 quam
1200 1175 1290 1246 rnol-

206 1276 357 1348 lissimis:
376 1275 475 1347 etiam
491 1275 551 1344 illa
568 1276 802 1348 sententiarum
819 1275 945 1348 lumina
962 1273 1118 1366 assumet,
1128 1299 1289 1371 quaeuon

90 1379 93 1388 ’
208 1387 306 1450 eruut
325 1376 534 1450 vehementer
553 1377 708 1450 illustria.
759 1375 839 1450 Non
858 1377 961 1462 faciet
981 1378 1218 1475 rempublicam
1235 1378 1290 1450 lo·

208 1488 378 1576 quantem,
401 1499 464 1550 nee
481 1478 522 1550 ab
539 1479 655 1552 bifaris
674 1485 818 1552 mortuos
835 1479 1009 1571 excitabit,
1031 1503 1094 1554 nce
1112 1481 1289 1554 aceruatim

207 1583 312 1655 nudta
328 1581 540 1678 frequentans
556 1605 624 1652 uua
641 1581 868 1678 corrrplexioue
886 1581 1058 1656 devinciet.
1084 1631 1087 1638 .
1109 1580 1290 1666 Valentio-

208 1709 281 1756 rum
306 1684 389 1754 baec
410 1683 551 1754 laterum
572 1691 664 1776 sunt,
691 1707 753 1756 nac
776 1684 817 1754 ab
839 1683 919 1775 boc,
945 1706 1041 1780 quern
1061 1684 1289 1777 informamus,

207 1793 266 1857 aut
291 1784 496 1882 expectanda
521 1793 578 1857 aut
602 1785 810 1882 posbdanda.
861 1784 940 1858 Erit
964 1787 1052 1860 enim
1077 1795 1114 1858 nt
1138 1811 1220 1860 voce
1240 1787 1289 1859 sic

135 1961 137 1966 ,
156 1888 307 1960 Raetiam
320 1887 473 1960 v(oratioue
491 1888 708 1984 suppression.
761 1885 832 1963 sed
848 1888 1006 1985 pleraque
1023 1913 1066 1960 ex
1081 1889 1150 1962 illis
1168 1913 1290 1964 conue-

208 1990 301 2062 nicnt
326 1989 424 2061 etiam
444 1988 521 2062 buic
542 1990 710 2082 tenuitati,
736 2014 940 2086 quamquam·
952 1989 1068 2064 iisdem
1089 1992 1289 2064 ornamentis

207 2099 319 2164 utetur
343 2091 523 2164 horridius:
549 2092 649 2164 talem
674 2092 765 2166 euim.
782 2092 979 2166 inducimus.
1030 2092 1181 2166 Accedet
1202 2095 1289 2166 actio

208 2202 276 2266 non
301 2194 428 2288 tragica
453 2217 516 2266 nec
538 2218 674 2286 menae,
701 2194 760 2268 sed
779 2194 909 2268 modica
928 2187 1107 2271 iactatione
1128 2197 1289 2294 corporis,

208 2297 298 2368 uoltu
322 2305 434 2370 tamen
453 2296 555 2371 rnulta
577 2297 772 2370 conficiebat
798 2321 866 2374 non
886 2296 965 2390 boc,
991 2321 1056 2394 quo
1077 2298 1233 2371 dicuntur
1253 2323 1290 2372 os

209 2398 346 2490 ducere,
364 2398 422 2472 sed
438 2397 514 2490 illo,
533 2423 597 2494 quo
609 2399 804 2494 ,significant
819 2399 974 2496 ingenue,
993 2422 1057 2496 quo
1075 2424 1175 2472 sensu
1192 2401 1291 2497 quid-

182 2553 190 2564 .
209 2525 272 2596 que
289 2500 514 2598 pronuntient.

310 2600 455 2675 XXVI.
506 2601 596 2674 Huic
625 2603 740 2697 generi
765 2603 923 2676 orationis
949 2611 1166 2702 aspergentur
1192 2605 1290 2678 etiam

159 2704 309 2796 ansulas,
328 2704 435 2800 quiin
453 2701 591 2778 diceudo
608 2705 741 2778 nbniutu
760 2713 917 2800 quantum
934 2707 1059 2784 valente
1079 2706 1290 2803 quorumduo

63 2861 69 2888 ,
208 2813 441 2900 generarunt,
469 2805 937 2882 numufacetiarumaltorum
956 2809 1152 2882 breuitatis.
1205 2809 1291 2882 Ute-

155 2933 158 2942 ·
208 2919 263 2979 tm·
279 2916 434 3005 utroque:
453 2908 512 2981 sod
529 2909 634 2980 altero
651 2909 687 2980 iu
704 2909 869 2983 narrando
887 2910 1011 3007 aliquid
1027 2919 1175 3004 venuste,
1185 2911 1290 2986 altero

207 3011 242 3083 in
260 3011 411 3084 iaciendo
429 3011 651 3108 mittendoque
668 3003 821 3104 ridiculo,
840 3011 934 3086 cuius
951 3035 1075 3108 genera
1086 3015 1184 3110 plura
1197 3023 1289 3086 sunt:

88 3183 96 3204 Ι
158 3127 202 3186 88
210 3113 268 3186 scd
285 3138 374 3187 nune
390 3113 480 3186 aliud
498 3115 639 3209 aguirrius.
672 3111 764 3186 Illud
781 3114 992 3190 admonemus
1009 3123 1131 3207 tannen,
1148 3115 1289 3189 ridiculo
1372 3127 1373 3134 ’

208 3216 257 3286 sic
274 3241 410 3287 usurum
431 3224 611 3308 oratorem,
636 3224 673 3288 ut
690 3241 752 3290 nce
769 3217 866 3290 ninnis
884 3216 1063 3313 frequenti,
1086 3243 1133 3290 ne
1150 3218 1290 3290 scurrile

208 3317 267 3388 sita
294 3341 357 3390 neo
374 3317 617 3410 subobscoeno,
639 3343 681 3390 ne
699 3319 880 3391 rraiuuicnm:
908 3343 970 3392 nec
987 3311 1151 3414 petulanti
1168 3345 1210 3394 ne
1227 3320 1292 3390 im-
1371 3387 1372 3398 ,

208 3419 363 3515 probumr
381 3443 443 3492 nec
460 3419 496 3492 in
512 3420 750 3511 calamitatem,
767 3445 809 3492 nc
826 3419 1055 3504 inbnruanumt
1074 3422 1188 3494 necin
1205 3421 1293 3494 faci-

209 3545 288 3612 nus,
315 3545 357 3594 nc
379 3519 433 3592 odi
450 3521 560 3594 loomn
577 3521 664 3594 meus
681 3533 835 3618 occupet:
861 3535 968 3618 neque
986 3531 1043 3594 aut
1059 3547 1120 3596 sua
1136 3547 1291 3620 persona,
1330 3612 1334 3623 Ι

164 3699 165 3704 ,
210 3633 267 3694 aut
288 3623 447 3715 iadicmn,
474 3632 532 3696 aut
551 3632 698 3720 tempore
719 3623 875 3696 alienum.
925 3623 1022 3698 Haec
1043 3625 1131 3696 enim
1148 3625 1190 3698 ad
1206 3626 1291 3700 illud

158 3724 399 3806 89indccoront
432 3726 632 3799 relcmntur.
686 3724 820 3799 Vitabit
852 3725 950 3802 etiam
986 3727 1135 3823 quaesita
1160 3751 1223 3800 nec
1249 3753 1291 3800 ex

208 3835 355 3924 ternpore
371 3829 465 3921 licta,
491 3829 551 3902 sed
569 3828 663 3900 domo
677 3828 798 3925 allata,
825 3853 909 3924 quae
926 3829 1117 3926 plerumque
1135 3837 1212 3902 sunt
1229 3830 1292 3900 iri-

72 3939 78 3948 ‘
209 3929 297 4022 gida.
349 3929 473 4002 Parcet
495 3939 528 4002 ct
544 3929 697 4004 araicitiis
716 3939 749 4004 et
767 3931 996 4026 dignitatibus,
1021 3931 1292 4016 vitabitinsaua-

208 4031 286 4103 bilis
307 4033 540 4125 castanelus,
566 4033 788 4108 tantummodo
811 4033 1016 4106 aduersarios
1033 4033 1127 4130 liget,
1154 4057 1216 4106 nee
1234 4059 1290 4106 eos

208 4142 317 4206 tamen
344 4152 473 4230 semper
496 4159 559 4208 nec
585 4136 690 4208 orunis
715 4159 778 4210 nee
803 4137 892 4210 omni
916 4134 1024 4212 modo.
1061 4133 1207 4227 Quibus
1229 4161 1290 4208 en-

209 4237 314 4332 ceptis
332 4237 381 4308 sic
400 4245 509 4310 utctur
524 4237 595 4314 sale
613 4237 808 4332 etfacctiis,
828 4247 866 4313 ut
883 4263 944 4334 ego
963 4255 1005 4310 ex
1022 4238 1095 4312 istis
1113 4237 1206 4310 novis
1222 4237 1289 4310 At·
1368 4243 1369 4250 ’

210 4339 285 4411 ticis
302 4339 400 4412 talem
419 4341 627 4435 cognoverim
645 4342 820 4433 neminem,
837 4363 912 4414 curn
929 4340 962 4412 id
980 4349 1069 4414 certe
1086 4339 1198 4414 situel
1217 4365 1288 4414 rna-
