2764 4978
198 487 245 548 eo
280 549 282 556 Α
646 477 861 570 onaroa‘

195 669 249 754 ut,
275 647 353 754 oum
370 681 463 730 meae
484 650 632 746 lonenses
655 663 743 730 artes
764 663 799 733 et
813 651 967 730 'actiones
982 654 1142 753 ,publicae
1164 657 1294 728 conci-

81 788 85 800 ’
196 763 338 856 dissent,
363 783 509 834 nonme
534 767 591 834 aut
616 757 777 852 desidiae,
803 758 891 854 quod
911 757 1023 831 facere
1043 783 1112 829 non
1132 781 1291 856 possum,

197 873 255 936 aut
271 863 471 956 moestitiae,
493 862 548 938 cui
568 863 703 955 resisto,
724 860 835 958 potius
857 885 955 957 quarn
975 860 1082 937 literis
1103 859 1291 936 dederern‘d

197 957 282 1063 quae
304 965 435 1062 quidem
456 987 509 1036 me
530 973 628 1038 antea
649 964 686 1036 in
706 961 831 1063 iudicia
851 970 949 1060 atque
970 963 1006 1036 in
1027 962 1153 1034 curiam
1174 963 1293 1034 dedu-

196 1070 328 1160 cebant,
346 1091 434 1140 nunc
448 1067 617 1158 oblectant
630 1065 728 1158 dorni,
746 1089 809 1137 nco
821 1089 899 1139 vero
911 1067 1035 1138 talibus
1052 1066 1149 1136 modo
1165 1065 1292 1163 relius,

196 1169 304 1268 qualis
325 1170 380 1242 hic
401 1169 487 1243 liber
507 1169 670 1260 continet,
693 1168 752 1241 sed
772 1167 875 1240 multo
897 1169 996 1239 etiam
1017 1167 1225 1262 grauioribus
1253 1176 1293 1239 et

194 1272 390 1348 maioribuse
421 1295 505 1367 quae
531 1271 560 1343 si
585 1281 683 1342 erunt
706 1269 890 1375 perlectae,
916 1270 1065 1366 prolecto
1092 1264 1291 1342 forensibus

195 1375 317 1452 nostris
330 1374 429 1446 rebus
448 1373 547 1445 etiam
565 1371 764 1447 domesticae
780 1371 898 1444 literae
915 1370 1173 1476 respondebunt.
1208 1368 1292 1450 Sed

195 1477 238 1550 ad
254 1477 437 1554 institutam
455 1475 708 1572 disputationem
725 1481 938 1546 rosemanus.

130 1610 209 1692 149¹
256 1635 262 1642 ’
300 1609 446 1684 XLIV.
499 1593 761 1683 Collocaluntur
785 1609 888 1705 igitur
906 1610 1021 1703 verba,
1047 1615 1085 1681 ut
1110 1617 1168 1682 ant
1192 1609 1291 1684 inter

195 1733 232 1788 se
249 1740 347 1812 quam
364 1709 532 1811 aptissime
549 1713 749 1786 cohaereant
765 1721 913 1786 extrema
930 1735 1004 1786 onon
1020 1711 1152 1808 prirms,
1174 1735 1289 1808 eaque

195 1819 377 1914 sintquam
395 1814 598 1890 suavissimis
614 1814 769 1886 vocibuss
791 1821 849 1886 aut
864 1823 902 1886 ut
919 1813 1025 1891 lomna
1045 1815 1118 1911 ipsa
1139 1815 1291 1888 concin-

195 1919 346 2016 nitasque
362 1918 536 1990 verborum
558 1917 713 1990 conficiat
734 1915 846 1992 orbem
866 1938 976 1990 suum:
1001 1923 1058 1988 aut
1072 1924 1110 1988 ut
1126 1939 1289 2013 compro-

194 2021 310 2098 lonsio
344 2043 529 2119 numerose.
551 2027 584 2091 et
617 2027 694 2120 apte
728 2020 837 2091 cadat.
889 2019 1003 2116 Atque
1028 2017 1112 2093 illud
1137 2019 1289 2114 prirnmn

194 2123 377 2216 videamus,
398 2122 495 2219 quale
517 2121 591 2214 sit‚,
603 2115 766 2218 quod‘vel
785 2121 927 2194 maxime
950 2119 1114 2198 desiderat
1135 2119 1289 2216 diligen-

142 2290 154 2316 x
195 2226 294 2314 tiarn3
322 2233 372 2300 ost
397 2225 484 2296 enim
510 2223 605 2325 qnasi
632 2231 799 2319 structura
824 2223 1001 2324 quaedam,
1027 2247 1090 2295 nec
1111 2221 1145 2298 id
1167 2227 1288 2300 tamen
1368 2293 1370 2314 1

194 2325 427 2424 lietoperose:
449 2351 526 2398 nam
547 2334 636 2400 esset
657 2350 732 2400 curu
752 2325 900 2398 infinitus
921 2333 990 2398 tum
1011 2325 1148 2422 puerilis
1165 2325 1286 2418 labor3

195 2429 283 2527 quod
304 2429 392 2526 apud
412 2421 586 2503 Lucilium
606 2427 690 2500 scite
711 2428 859 2524 exagitat
879 2429 915 2501 in
936 2427 1082 2506 Albucio
1100 2425 1286 2524 Scaevola,
1369 2445 1370 2467 ³

267 2573 369 2660 Quum
387 2573 495 2659 lepido
512 2575 599 2656 λέξεις
616 2583 817 2659 compostae,
836 2583 876 2637 at
892 2574 1082 2650 tesserulae,
1103 2596 1212 2640 omnes

262 2662 368 2740 Arte,
383 2662 571 2746 pavimento
590 2669 688 2748 atque
706 2659 893 2726 enablemote
910 2659 1134 2728 vermiculato.

13 2889 14 2894 ἵ
128 2801 286 2876 150Nolo
312 2809 380 2874 tam
406 2803 532 2880 minuta
556 2803 639 2874 llaec
660 2801 862 2877 constructio
883 2809 1060 2902 appareatr
1088 2803 1146 2874 sed
1167 2809 1284 2877 tamen
1366 2821 1367 2829 ’

194 2906 290 2978 stilus
317 2905 518 2977 exercitatus
544 2903 667 2978 efficiet
692 2903 791 2976 lacile
820 2904 907 2978 lrane
934 2907 1020 2976 viam
1046 2907 1283 3001 componendi.

192 3007 282 3084 Nam
302 3014 340 3081 ut
359 3007 395 3078 in
415 3006 555 3104 legendo
579 3007 695 3094 oculus
717 3005 766 3078 sio
787 3007 915 3079 animus
930 3008 966 3079 in
985 3007 1122 3082 dicendo
1144 3009 1284 3107 prospi7

194 3111 276 3202 ciet,
299 3109 377 3210 quid
394 3118 565 3206 sequatur,
586 3135 629 3186 ne
651 3116 872 3188 extremorum
892 3110 1066 3186 verborum
1089 3133 1162 3180 oum
1186 3109 1284 3182 inse-
1363 3169 1364 3188 ,

196 3211 371 3307 quentibus
392 3211 507 3308 primis
529 3236 710 3284 concursus
732 3220 789 3284 aut
809 3201 938 3282 lriulcas
956 3236 1052 3283 voces
1075 3211 1200 3282 efficiat
1222 3221 1283 3284 aut

196 3336 342 3410 asperas.
378 3311 536 3404 Quamvis
550 3311 637 3388 enim
650 3337 766 3385 suaves
779 3311 935 3409 gravisve
953 3313 1136 3386 sententiae
1153 3320 1281 3408 tamen,

196 3414 225 3486 si
250 3415 426 3486 inconditis
451 3415 560 3487 verbis
587 3415 782 3508 efferuntur,
809 3415 979 3487 offendunt
1000 3416 1110 3487 auris:
1138 3439 1281 3511 quarum
1361 3415 1362 3429 ¹

196 3523 247 3588 est
263 3515 421 3590 iudicium
437 3515 718 3614 superbissimum.
755 3515 852 3608 Quod
870 3517 1000 3614 quidem
1016 3512 1144 3590 Latina
1161 3517 1281 3614 lingua
1360 3535 1361 3549 ¹

193 3618 243 3690 sic
264 3619 432 3713 oloserrat,
457 3643 553 3691 nemo
574 3625 611 3690 ut
632 3626 701 3693 tau
721 3619 864 3691 rusticus
886 3619 945 3712 sit,
968 3619 1025 3716 qui
1045 3619 1170 3690 vocalis
1193 3620 1281 3694 nolit
1359 3637 1360 3669 l

95 3789 98 3798 ,
128 3737 184 3795 151
198 3720 409 3816 coniungere.
459 3718 504 3793 In
525 3745 589 3818 quo
611 3720 742 3817 qnidam
764 3719 1014 3819 Theopompum
1040 3711 1139 3793 etiam
1159 3746 1280 3818 repre-
1358 3765 1359 3789 η

192 3821 355 3914 luendum,
383 3821 469 3918 qood
490 3847 546 3894 eas
567 3821 682 3895 literas
704 3830 796 3895 tanto
819 3847 918 3920 opere
940 3823 1078 3919 ingerit,
1105 3823 1168 3896 etsi
1188 3824 1278 3901 idom

193 3924 350 4020 magister
371 3925 442 3997 eius
459 3921 647 3997 Isocrates:
669 3932 705 3996 at
726 3949 793 3998 non
810 3922 1040 4020 Thucydides,
1062 3925 1181 3997 acillo
1199 3927 1278 4021 qui-

194 4025 269 4098 dem
292 4025 381 4097 land
405 4027 505 4123 paulo
532 4027 637 4098 maior
661 4027 805 4126 scriptor
824 4025 925 4099 Plato
951 4051 1013 4100 nec
1039 4028 1145 4098 solum
1165 4027 1202 4098 in
1223 4027 1276 4100 lis

182 4127 415 4220 sermonibus,
433 4129 489 4229 qui
506 4122 665 4220 διάλογοι
682 4128 846 4221 dicuutur,
863 4129 921 4202 nbi
938 4130 1036 4204 etiarn
1054 4129 1094 4200 de
1111 4128 1276 4200 industria

195 4229 227 4302 id
244 4229 430 4302 laciendum
447 4231 524 4322 fuit,
547 4231 661 4304 sedin
682 4231 836 4328 populari
858 4232 1022 4324 oratione,
1045 4255 1109 4328 qua
1131 4255 1202 4302 mos
1225 4239 1275 4302 est

193 4327 336 4404 Athenis
349 4333 479 4408 laudari
491 4333 525 4410 in
539 4333 700 4408 concione
716 4357 786 4426 eos,
804 4333 860 4429 qui
877 4333 995 4405 sintin
1014 4333 1150 4430 proeliis
1167 4333 1274 4406 inter-
