2764 4978
344 427 406 490 AD
443 425 650 490 MARCUM
684 425 894 490 BRUTUH.
997 421 999 426 ’
1117 425 1184 488 tut,

29 635 30 638 ¹
92 607 202 680 hubent
234 615 313 703 apta
346 606 411 678 uim
445 627 543 701 qnam
577 603 698 678 solutu.
749 601 798 676 Ut
821 602 910 676 enim
926 601 1077 676 ututouo
1102 625 1164 676 nec

92 709 183 780 nuito
204 733 302 782 secus
323 708 524 804 gladiatores
544 705 690 779 uidemus
711 703 796 778 nihil
816 729 880 778 nec
899 703 1031 778 ritnndu
1053 705 1165 780 fecere

91 818 176 884 cante
201 835 269 884 nec
294 810 435 908 petendo
461 809 685 900 uehementer,
714 807 750 878 in
780 831 845 902 quo
876 832 943 880 non
973 815 1080 882 motus
1110 808 1165 882 nic

91 913 200 986 habeut
216 913 416 1010 palaestram
434 910 614 1008 quandum,
632 917 683 1001 ut,
700 908 857 1008 quidquid
873 909 909 982 in
925 909 977 982 luis
992 911 1091 984 rebus
1107 909 1167 988 fiat
1199 983 1209 996 ,
1250 939 1255 948 ·

91 1015 205 1088 utiliter
219 1015 266 1086 ad
282 1039 438 1116 pugnam,
455 1015 543 1088 idem
556 1013 599 1086 ed
615 1021 785 1108 aspectum
802 1011 902 1084 etiam
918 1012 962 1086 sit
977 1023 1165 1088 venusttum
1255 1027 1259 1036 ’

92 1119 134 1190 sic
153 1119 345 1192 oratioxnec
366 1117 500 1214 plagam
515 1139 649 1212 gravem
666 1114 762 1206 iacit,
784 1113 849 1188 uisi
866 1113 979 1210 petitio
997 1114 1165 1214 scitante,
1238 1111 1241 1120 ’

91 1221 247 1295 mesatis
268 1227 360 1292 recte
382 1219 718 1316 declinationem,
745 1215 810 1288 nisi
830 1207 930 1290 etium
951 1216 986 1290 in
1008 1218 1165 1312 cedendo,
1277 1255 1281 1266 =

92 1321 159 1416 quid
175 1322 308 1414 deccat,
330 1321 498 1418 iutelligit.
548 1319 669 1415 Itaque
690 1317 797 1414 qualis
819 1341 932 1392 eorum
953 1327 1059 1394 mutus
1081 1343 1234 1417 quosuett

93 1419 359 1544 ἀπαλαίστρους
379 1421 661 1514 (immisceant,
688 1421 765 1492 talis
790 1419 908 1495 hurum
934 1423 1015 1496 mihi
1039 1423 1167 1501 ridetur
1311 1475 1314 1497 .

93 1526 204 1619 oratio,
234 1551 385 1624 quinon
411 1524 568 1598 claudunt
588 1523 734 1627 numeris
756 1523 951 1616 sententies,
977 1531 1166 1623 tantumque

93 1627 190 1720 abest,
218 1655 281 1720 ne„
306 1628 393 1725 quod
417 1629 458 1720 ii,
485 1625 542 1722 qui
561 1627 626 1700 hoc
648 1633 704 1698 sut
724 1625 955 1722 magistrorum
976 1626 1098 1724 inopia·
1111 1638 1168 1703 nut

94 1727 195 1826 ingoni
210 1732 365 1804 tarditate
382 1739 439 1804 eut
452 1728 579 1802 iuberis
595 1729 674 1826 fuge
692 1752 760 1818 non
780 1735 857 1800 sunt
878 1730 1038 1823 assecuti,
1060 1732 1168 1806 solent

94 1830 208 1926 dicere,
230 1841 405 1908 enervetur
425 1831 531 1906 oratio
552 1831 789 1928 compositione
805 1832 1005 1934 verboruma·
1017 1841 1054 1908 ut
1070 1835 1168 1908 aliter

95 1931 176 2008 inca
191 1959 256 2010 nec
273 1936 412 2033 impetus
430 1935 518 2008 ullus
536 1957 599 2008 uec
614 1933 664 2006 uis
681 1958 755 2006 esse
771 1933 887 2031 possit.

29 2197 30 2224 1
184 2138 333 2216 LXIX.
385 2136 456 2212 Sed
480 2163 632 2238 magnam
657 2137 928 2214 exercitationem
952 2164 1008 2214 res
1027 2139 1167 2237 flagitet,

96 2243 217 2337 nequid
234 2267 361 2335 eorum,
379 2243 436 2338 qui
451 2267 556 2338 genus
572 2242 636 2316 huc
652 2240 756 2314 secuti
773 2265 840 2316 nou
857 2250 1043 2335 tenuerunt,
1059 2245 1167 2320 simile

29 2425 30 2438 ἵ
95 2339 263 2440 iaciamus,
293 2369 336 2420 ne
361 2351 420 2416 unt
444 2345 548 2417 verbu
572 2342 774 2416 traiiciurnus
799 2352 928 2440 aperte,
959 2368 1024 2438 quo
1050 2347 1167 2421 melius

29 2445 31 2514 t
96 2453 144 2516 out
158 2449 259 2522 cadet
273 2456 331 2520 ent
346 2447 495 2522 uoluatur
511 2445 628 2519 oratio.
680 2445 779 2538 Quod
795 2466 839 2534 se*
848 2445 896 2521 L.
910 2445 1045 2521 Coelius
1061 2449 1235 2530 Anti-230

95 2555 179 2640 notor
202 2552 248 2626 iu«
266 2549 433 2647 prooemio
459 2550 540 2622 neni
559 2547 682 2620 Punici
707 2547 772 2636 nisi
793 2549 982 2625 necessario
1004 2550 1168 2627 fucturma

96 2659 195 2746 negat.
222 2719 225 2728 i
248 2650 407 2725 Ouirum
428 2651 625 2750 sinplicm
647 2651 705 2746 qui
725 2675 786 2724 nos
807 2651 891 2724 nilril
910 2652 1011 2726 eclete
1033 2654 1169 2750 sapien·
1219 2683 1221 2688 ’

96 2755 167 2846 ten,
193 2756 252 2853 qui
274 2754 480 2828 seruiendum
499 2751 689 2828 necessitati
710 2751 815 2850 putet!
866 2751 938 2828 Sed
957 2753 1013 2828 irie
1035 2757 1167 2830 connino
1236 2841 1239 2849 ἱ

95 2853 188 2929 rudis.
239 2855 346 2932 Nobis
364 2863 473 2929 autem
487 2857 523 2930 in
540 2855 715 2928 scribendo
733 2864 830 2951 utque
846 2855 882 2928 in
896 2856 1032 2932 dicendo
1050 2881 1169 2931 neces-

96 2952 191 3035 sitatis
217 2960 390 3034 excusatio
414 2983 482 3032 non
506 2958 675 3054 proluatur.
726 2957 821 3030 Nihil
842 2965 893 3030 est
913 2959 1000 3030 enim
1020 2983 1168 3050 neeesse,
1264 3045 1267 3053 Ι

96 3059 166 3130 etsi
183 3062 264 3157 quid
280 3057 382 3153 esset,
405 3059 439 3132 id
456 3084 593 3132 necesse
608 3068 719 3138 minen
737 3061 803 3132 non
821 3067 893 3131 erat
909 3059 1069 3134 confiteri.
1119 3059 1169 3134 Et
1202 3097 1205 3104 ·
1258 3091 1265 3108 ·

96 3152 142 3230 iic
162 3164 312 3258 quidem,
332 3163 390 3260 qui
409 3163 496 3261 hunc
516 3159 692 3254 aLselio,
714 3161 757 3232 sd
774 3185 870 3257 quern
887 3161 1035 3259 scripsit,
1056 3164 1111 3240 cui
1130 3189 1169 3238 sc

97 3274 221 3360 purgat,
244 3266 372 3339 renium
393 3265 490 3362 petit,
512 3271 544 3338 et
560 3264 662 3336 utitur
678 3285 719 3336 ea
734 3263 927 3340 traiectione
944 3266 1115 3341 uerborum
1135 3273 1170 3340 et
1316 3357 1319 3362 Ι

97 3361 190 3438 mmo
208 3378 319 3442 minen
337 3369 444 3464 aptius
462 3366 575 3463 explet
585 3365 820 3462 concluditque
838 3368 1029 3446 sententias.
1066 3369 1171 3465 Apud
1319 3375 1323 3386 '

97 3461 172 3539 ulios
193 3479 302 3544 antem
324 3479 357 3544 et
372 3469 543 3542 Asiaticos
559 3468 703 3543 maxime
719 3470 856 3542 nurnero
873 3471 1044 3544 servientis
1059 3471 1171 3546 incul-

97 3575 165 3639 osto
178 3573 337 3672 reperias
362 3572 476 3645 inuniu
501 3570 661 3667 quaedem
675 3571 787 3647 ’uerba
811 3572 908 3666 quasi
932 3573 1170 3668 complementa

98 3685 309 3750 numeroram.
359 3673 449 3750 Sunut
470 3675 568 3746 etiarn
590 3673 645 3770 qui
665 3673 725 3746 illo
742 3673 838 3763 vitio,
860 3674 948 3769 quod
964 3675 1006 3746 ab
1023 3674 1170 3771 Hegesia

99 3774 232 3850 nonime
260 3777 372 3869 fluxit,
406 3775 623 3872 infringendis
653 3775 931 3871 concidendisque
959 3777 1104 3852 numeris
1134 3777 1170 3852 iu

99 3875 251 3962 quoddam
271 3903 375 3975 genus
396 3879 558 3950 obiectum
578 3877 725 3948 incidunt
745 3875 936 3950 Siculorum
957 3879 1169 3952 siruillimum.

101 3965 244 4056 Tertium
264 3989 331 4074 est,
352 3981 469 4078 inquo
487 3979 619 4054 fuerunt
636 3979 828 4052 iratresilli
844 3980 1069 4054 Asiaticorum
1086 3981 1233 4067 rire-231

101 4076 198 4158 urum
217 4084 385 4181 principes
401 4081 577 4156 Hierocles
600 4089 632 4154 et
649 4079 822 4160 Menecles
845 4082 977 4164 minione
998 4105 1072 4156 meu
1091 4107 1171 4158 seu-

103 4178 195 4256 itutie
215 4185 455 4260 contemnendi.
506 4179 584 4254 Etsi
609 4184 697 4260 enirn
722 4207 743 4259 a
768 4183 873 4256 formu
900 4185 1044 4258 ueritatis
1069 4193 1104 4256 et
1128 4185 1170 4258 ab

104 4271 279 4363 tmoomo
302 4289 421 4384 regula
446 4286 580 4380 uiuunt,
605 4294 715 4361 unco
740 4285 803 4360 troc
824 4287 939 4362 uitium
958 4295 1172 4382 compensant
1283 4357 1287 4368 .
