2764 4978
349 463 409 522 no
445 461 649 527 unorum
685 444 890 525 urrunnu.
1115 465 1161 526 re

91 645 168 729 sunt,
184 645 221 710 nt
237 638 301 710 iam
319 647 386 710 non
403 639 475 710 sine
493 661 595 710 eausa
611 637 851 712 Demosthenes
870 639 1021 712 trilmerit
1037 640 1070 712 e't
1087 641 1158 737 pri-

91 765 151 812 mas
175 747 207 812 et
228 740 389 814 secundas
414 749 448 813 et
469 741 584 812 tertias
604 742 739 813 actioni.
799 741 840 814 Si
862 743 949 816 enim
970 741 1159 840 eloquentie

89 843 172 912 nnlla
188 843 260 915 sine
277 843 352 934 hae,
369 843 452 915 haee
469 850 579 915 autem
595 843 669 915 sine
686 843 874 940 eloquentia
882 853 975 916 tanta
984 854 1049 935 est3
1067 855 1157 918 certe

89 944 255 1038 plurimum
271 947 305 1017 in
324 945 462 1018 dieemlo
480 952 600 1042 potest.
730 1031 741 1046 ν

178 1043 327 1120 XVIII.
379 1045 482 1121 Volet
507 1047 609 1143 igitur
627 1047 701 1139 ille,
729 1047 785 1143 qui
806 1047 1012 1145 eloquentiae
1032 1049 1161 1146 prinei·

88 1155 188 1243 patum
205 1158 308 1246 petet,
325 1157 359 1221 et
375 1157 531 1222 contenta
547 1174 627 1222 roae
645 1152 801 1222 atrociter
818 1151 939 1242 dieere,
957 1159 991 1222 et
1007 1155 1161 1224 sunonis·

89 1274 119 1320 sa
137 1252 271 1344 leniter,
298 1259 333 1324 et
347 1253 509 1329 inclinata
525 1252 628 1326 rideri
644 1252 769 1348 grauis,
796 1260 830 1324 et
845 1251 938 1334 flexa,
950 1253 1160 1328 miserabilis.
1184 1255 1186 1260 ’

89 1351 169 1424 Mira
186 1361 237 1426 est
255 1355 343 1426 enirn
361 1355 521 1451 quaedam
537 1355 778 1447 numeraveris,
804 1355 898 1428 euius
916 1355 1047 1451 quidem
1063 1383 1083 1428 e
1099 1358 1212 1428 tri-'57

88 1455 141 1526 hos
156 1458 289 1529 omnino
308 1459 414 1549 sonis,
440 1456 579 1548 inflexo,
606 1464 719 1548 acuto,
745 1458 853 1553 graui,
875 1464 968 1529 tanta
985 1459 1029 1530 sit
1045 1466 1078 1530 ot
1095 1468 1162 1530 tom

63 1594 66 1601 ν
89 1559 186 1630 utravis
204 1561 348 1631 varietus
364 1559 513 1656 perlecta
528 1559 562 1631 in
585 1561 749 1632 rantibus.
800 1557 867 1632 Est
884 1567 993 1632 autem
1011 1561 1109 1632 etiurh
1126 1562 1161 1633 in

90 1657 216 1756 licendo
243 1663 374 1759 qnidam
402 1669 518 1744 cantus
545 1657 739 1755 ohscurior‚'
757 1688 825 1734 non
846 1663 901 1734 hie
921 1688 940 1734 e
961 1663 1108 1759 Phrygia
1129 1672 1162 1735 et
1265 1671 1269 1679 “

91 1758 180 1834 Caria
196 1764 365 1836 rhetoreon
382 1765 548 1860 epilogari,
570 1787 675 1862 paene
692 1764 881 1857 canticum·
895 1761 954 1838 set
970 1766 1043 1857 ille,
1066 1791 1161 1862 quern

90 1862 246 1957 signifieat
262 1865 504 1939 Demosthenes
522 1874 556 1937 et
571 1867 773 1958 Aeschines,
792 1891 866 1940 eum
883 1868 968 1940 alter
985 1868 1082 1940 alteri
1099 1859 1162 1940 oh'-
1196 1901 1198 1916 ·

22 2037 23 2044 ¹
89 1963 150 2036 iieit
164 1969 255 2040 noeis
272 1969 445 2040 flexiones.
473 1972 475 1982 '
493 1967 593 2066 llicit
609 1971 705 2066 plura
722 1971 821 2041 etiarn
838 1955 1097 2063 Demolthenes,
1117 1971 1162 2042 il-

89 2063 211 2164 lumque
232 2095 332 2166 saepe
350 2070 430 2142 dicit
446 2093 526 2142 voce
539 2070 632 2154 ¹eiu‘rlri
650 2081 683 2142 et
700 2073 792 2144 clara
808 2073 922 2146 luisse.
974 2070 1017 2145 In
1035 2097 1099 2170 «quo
1116 2075 1210 2150 il-es

89 2165 138 2238 luel
154 2173 251 2242 etiarn
264 2173 448 2254 notandum
465 2171 545 2244 mihi
561 2173 689 2245 vitietur·
706 2175 746 2244 ud
764 2175 904 2246 studium
915 2177 1161 2273 persequendae

92 2273 249 2346 suavitatis
270 2275 307 2347 in
328 2275 475 2346 vocibus.
526 2273 607 2371 Ipsa
629 2277 715 2348 enim
737 2285 871 2368 natura,
898 2279 993 2374 quasi
1010 2279 1161 2350 runoululo-
1258 2319 1261 2328 ,
1316 2324 1322 2332 ·

90 2381 171 2444 retur
193 2377 363 2450 hominum
389 2377 586 2468 orationem,
612 2377 648 2450 in
670 2378 759 2450 (iorni
778 2381 878 2450 verim
899 2380 1009 2477 posuit
1028 2377 1178 2454 erutam'

91 2496 208 2572 rocem,
235 2503 300 2552 nee
324 2503 392 2552 una
417 2479 509 2576 plns,
535 2503 597 2553 nee
619 2504 639 2551 a
658 2485 823 2576 p'ostrema
845 2482 973 2577 syllaba
990 2482 1074 2554 eitra
1091 2491 1170 2554 ter-·
1187 2529 1199 2540 ·-

91 2575 172 2650 tiam:
191 2606 258 2678 quo
276 2582 381 2677 magis
398 2590 549 2654 naturam
567 2582 680 2653 ‹lueem
699 2584 741 2654 an
759 2584 1161 2686 auriumlvoluptatemse·
1184 2639 1191 2662 i

92 2688 198 2771 quator
218 2683 396 2755 industria.
446 2685 502 2756 Ae
522 2687 612 2756 noeis
634 2685 763 2757 leonitas
786 2686 915 2781 quidem
934 2686 1078 2783 optando
1095 2695 1159 2760 est:
1171 2706 1210 2763 59
1262 2771 1276 2784 ‚

91 2803 148 2854 non
168 2793 220 2856 est
241 2785 328 2858 enim
344 2786 380 2857 in
397 2787 516 2877 nohis„
535 2787 593 2858 serl
610 2787 763 2858 tractatio
780 2797 878 2884 atque
896 2791 1026 2863 nsus³in
1051 2791 1160 2862 uotiuis.

91 2877 173 2978 Ergo
190 2887 251 2960 ille
267 2881 421 2983 princeps
439 2889 579 2960 variabit
595 2896 629 2960 et
645 2890 794 2981 rruutahit,
808 2892 913 2962 erinnis
925 2915 1080 2962 sonorum
1092 2899 1162 2962 turn

91 2979 254 3060 intendens
271 2997 340 3062 tum
357 2990 526 3062 remittens
543 2997 758 3086 persequetur
774 2992 908 3085 gradus,
926 2992 1076 3087 idemque
1088 3017 1162 3062 mo-
1241 3062 1243 3072 ,

92 3089 122 3154 tu
144 3089 190 3160 sie
210 3099 337 3183 utetur,
364 3091 448 3162 nihil
468 3099 505 3162 ut
526 3093 668 3188 supersit
686 3093 721 3164 in
738 3101 845 3187 gesto.
897 3091 1183 3192 Statuserertqs'

61 3195 63 3202 '
93 3194 120 3254 et
138 3192 260 3264 celsos:
288 3217 383 3264 rarus
405 3193 554 3267 incessus
571 3217 634 3264 nee
650 3194 698 3264 ita
714 3195 849 3292 longus:
876 3196 1029 3268 excursio
1046 3197 1161 3268 morie·
1201 3229 1205 3242 ⁸

48 3363 52 3372 ,
93 3296 156 3360 reta
171 3317 276 3389 eaque
293 3319 384 3366 rarae
411 3295 503 3366 nullu
523 3295 660 3366 mollitia
677 3297 855 3388 cervicum,
882 3298 995 3371 nullae
1013 3301 1161 3396 argutiae

94 3386 273 3489 ligitorum‚'
291 3397 417 3487 nonnul
435 3421 606 3469 nurrnerum
623 3397 782 3481 artieohrs
800 3400 936 3472 rodense
955 3408 1072 3474 trunco
1091 3427 1163 3472 rura·
1223 3402 1234 3459 Γ

94 3492 136 3582 gis
156 3503 224 3570 toto
246 3499 374 3596 seipse
395 3492 620 3583 moderans-et
639 3501 886 3575 virililaterum
902 3501 1061 3596 flexione,
1083 3505 1163 3576 hra-
1200 3580 1203 3586 ,
1242 3543 1244 3546 ·

95 3591 152 3665 chii
170 3601 372 3695 proiectione
389 3603 425 3674 in
442 3598 722 3694 contentionibus,
748 3605 974 3676 contractione
991 3605 1027 3676 in
1044 3607 1162 3678 remis-

95 3693 144 3768 δῖε.
173 3783 175 3788 ,
192 3701 316 3776 Voltus
332 3728 425 3796 vero,
451 3705 509 3800 qui
525 3705 705 3776 seeundum
720 3729 832 3778 voeern
849 3707 1025 3802 plurimum
1042 3717 1215 3804 molest-oh
1258 3735 1259 3740 ’

97 3810 241 3902 quantam
260 3805 376 3878 afferet
395 3814 465 3878 tem
486 3807 677 3902 dignitatem
700 3815 770 3878 tum
790 3807 1014 3881 venustatem?
1040 3811 1075 3882 in
1097 3835 1161 3905 qum

97 3907 350 3999 consumeris,
375 3908 521 4005 nequid
545 3909 690 4006 ineptum
718 3917 776 3980 aut
799 3910 982 3982 voltuosum
1008 3909 1066 4003 sit,
1093 3923 1161 3984 tom

98 4003 253 4080 enorum
271 4016 321 4080 est
343 4009 502 4105 quaedam
519 4035 639 4106 magna
655 4009 846 4084 nroderatio,
897 4011 984 4084 Nato
1000 4022 1037 4084 nt
1052 4015 1161 4108 huogo
1193 4018 1199 4034 ⁸

66 4177 72 4187 .
99 4109 388 4202 serenissimum,
406 4111 455 4181 sie
471 4111 597 4182 indices
615 4113 718 4184 oeulis
737 4137 874 4207 quorum
892 4123 925 4186 et
940 4115 1115 4186 hilaritatis
1129 4125 1162 4186 et

98 4199 227 4381 Vitigrqim
243 4212 397 4295 tristitiae
414 4212 545 4298 modom
561 4213 735 4311 resilisse,
753 4214 793 4311 ule
811 4216 928 4311 quihus
941 4223 1161 4312 agetnntem·

96 4320 146 4393 her
184 4311 255 4388 unt.
296 4385 299 4396 ,
908 4321 914 4336 “
