2684 4990
376 529 394 574 -1
456 531 835 589 *carmxmnaoe
1072 536 1155 606 :aaa

78 719 141 788 pote
170 703 304 770 anchoris:
337 709 439 773 telchoe
465 729 529 770 onoc
554 709 699 781 moleste,
719 699 753 768 oe
778 701 1153 790 norreffugerc'horpitir

81 796 206 871 spectem,
230 815 314 874 quum
336 803 464 854 oetatem
487 803 595 876 egeret
614 791 756 866 Athenai,
783 797 947 874 operoseque
970 795 1151 876 loqueretur,

83 882 206 952 wacho,
228 881 307 939 ssent
326 882 446 960 opinor,
469 882 500 940 in
523 881 633 940 noceri
654 881 837 959 estquidam
859 881 1053 954 alanorum,
1074 883 1155 942 sicat

81 965 135 1024 r'lh‘c
154 967 333 1037 Atta'corum,
356 982 453 1025 conec.
497 963 573 1026 Dein
591 963 749 1026 liberalitas
767 963 906 1044 quaedam
924 965 1043 1044 ingenii.
1088 965 1151 1026 llue

80 1050 212 1130 pertineat
228 1049 317 1116 uerba
336 1049 500 1124 Quintiliani
517 1051 551 1122 6,
570 1051 604 1122 3,
624 1050 674 1110 17.
708 1051 787 1112 Nom
804 1059 838 1110 et
850 1049 1006 1112 achonitae
1023 1051 1149 1118 dieitur:

80 1134 258 1214 qeopnidem
276 1135 450 1216 er'gnpicori
467 1137 552 1196 uideo
575 1135 737 1196 sermonem
755 1132 977 1216 praeferentem
1000 1138 1031 1196 in
1052 1136 1153 1202 aeriis

79 1230 107 1279 et
122 1239 189 1280 cono
208 1232 241 1280 et
259 1241 312 1282 unu
329 1223 485 1300 proprium
504 1223 648 1300 quendem
663 1229 781 1299 gnomon
802 1219 902 1292 Urht'r,
926 1231 960 1281 ei
971 1231 1094 1281 cuntem
1113 1241 1152 1280 ec

79 1308 291 1368 meoerootr'one
313 1307 465 1366 doctorum
488 1309 608 1366 tacitam
631 1305 842 1380 erteiitioaem,⁸
857 1303 993 1386 'dmr'que
1011 1307 1062 1365 cei
1080 1325 1151 1366 cca-

79 1393 165 1452 treric
180 1391 396 1452 rr‘trecta'citne.
432 1390 471 1450 Et
488 1389 593 1450 ibidem
611 1392 637 1470 ἓ.
657 1389 730 1452 107.
764 1393 842 1452 Nem
859 1411 922 1450 mco
941 1389 1056 1470 quidem
1073 1391 1151 1451 iudi-

78 1478 118 1534 cio
134 1477 185 1535 illo
199 1487 246 1537 ert
260 1477 429 1548 arionitas,
448 1479 479 1536 ia
498 1495 556 1556 que
573 1478 653 1537 nihil
668 1477 816 1549 ciconum,
834 1477 913 1536 nr‘hii
928 1475 1155 1554 agreement!

78 1562 259 1635 rheoodihem,
279 1564 357 1622 nihii
366 1563 574 1644 peregrinum,
593 1581 688 1641 neque
704 1581 800 1634 senae,
819 1581 914 1642 neque
931 1562 1037 1634 ueriti,
1052 1579 1152 1640 ‘noque

78 1665 122 1704 cre
136 1658 256 1726 gestuve
269 1649 368 1728 possit
384 1649 577 1726 deprehendi,
601 1659 636 1708 ut
651 1668 710 1708 noa
730 1657 788 1706 tem
804 1649 847 1708 rit
862 1649 892 1708 ia
910 1648 1036 1726 singulis
1054 1648 1151 1719 tithei,

78 1750 151 1806 qoem
176 1735 207 1794 ia
222 1743 297 1796 ,teto
325 1733 426 1794 colore
452 1733 583 1805 dicendi,
612 1734 708 1812 punish
734 1734 816 1811 apud
837 1736 966 1794 Graecos
987 1727 1152 1811 dettecopic

78 1817 121 1876 ilie
137 1821 273 1878 redoleas
288 1820 476 1878 Athenarum
490 1821 646 1897 properiore
662 1837 807 1898 soporem.
851 1817 931 1881 Vere
954 1829 1048 1882 eutem
1067 1817 1151 1897 Spulr

78 1900 178 1982 diucius
204 1903 240 1964 dc
269 1914 343 1968 orat.
364 1903 545 1964 Marcellino.
571 1924 599 1984 p.
623 1906 675 1966 23.
701 1904 883 1968 recentiores
907 1904 1018 1983 erroris
1045 1904 1151 1982 arguit,

77 1989 117 2066 qui
141 1987 328 2050 urbanitatem
356 2008 394 2050 ex
419 1987 541 2056 aduerso
567 2001 709 2068 ponentes
734 1991 889 2050 rusticitati
916 1990 953 2054 in.
971 1999 1049 2074 actu,
1064 1987 1150 2054 ruodo

77 2084 224 2150 parentet
241 2073 386 2146 'mambae
411 2076 484 2137 citra
501 2093 673 2136 sermonem.
717 2074 783 2154 lpse
806 2096 834 2153 p.
846 2077 905 2136 24.
923 2094 1028 2140 vocem
1043 2071 1152 2142 muctar

71 2158 107 2218 ah
127 2161 195 2220 urhe
213 2161 366 2240 repetitam
385 2179 464 2230 esse,
488 2159 541 2220 scd
563 2159 683 2226 candem
706 2179 757 2225 usu
778 2157 913 2238 loquendi
935 2161 980 2226 ita,
993 2158 1035 2225 ad
1056 2161 1151 2225 iocum

77 2254 103 2302 et
121 2245 238 2306 facetias
260 2246 421 2323 alligatam,
444 2255 476 2303 ut
497 2245 569 2311 hacc
587 2247 651 2304 lere
670 2245 731 2312 sola
748 2255 844 2310 aetate
863 2245 1015 2310 Ciceronis
1036 2263 1151 2310 reman-

76 2331 139 2388 terit
158 2342 302 2409 poteslas,
325 2341 355 2391 et
377 2351 406 2408 p.
423 2331 475 2390 25.
493 2329 585 2400 aldit,
609 2349 722 2391 omnem
743 2328 824 2388 verbi
846 2327 883 2388 ad
903 2330 1048 2407 ,originem
1071 2350 1152 2396 uttam

76 2415 286 2492 applicationem
309 2417 403 2493 uagis.
422 2415 553 2478 consulto
572 2416 677 2478 lactum
697 2413 751 2478 sihi
770 2412 861 2476 videri
879 2406 1102 2494 ascriptoribus
1121 2427 1152 2478 et

76 2497 202 2572 crocus,
213 2521 303 2580 quam.
314 2521 366 2563 usu
385 2501 553 2579 pervulgato
569 2501 747 2579 loquentium
760 2501 856 2564 11111111
870 2499 1150 2580 comprobatumque·

77 2583 162 2658 (Cepi.
181 2585 343 2652 Burmann.
360 2587 455 2665 prael.
473 2585 510 2646 ad
527 2585 662 2664 Lexitogi
681 2585 712 2645 P.
727 2588 757 2646 l.
775 2607 805 2664 p.
819 2585 883 2659 lx.)
920 2585 972 2652 tlte
989 2584 1151 2664 Spaldingii

76 2672 251 2748 reprehensio
285 2670 363 2730 cadit
393 2673 478 2730 ctiam
509 2673 538 2730 in
569 2671 615 2730 Fr.
643 2670 715 2733 llud.
742 2671 930 2736 watttcrua.
949 2670 986 2738 tic
1011 2668 1151 2738 Veterum

76 2754 248 2837 inprimisque
273 2757 423 2816 Ciceronis
446 2757 623 2829 urbanitate,
650 2755 729 2819 Halis
752 2757 846 2816 1772.
870 2767 900 2816 et
926 2758 955 2814 iu
979 2755 1151 2816 lenischium

75 2837 287 2902 Aestuet-crit.
308 2842 446 2902 Parallele
469 2841 521 2902 des
539 2842 749 2904 Demosthenes
766 2839 825 2907 und
840 2841 962 2915 Cicero,
985 2843 1033 2921 qui
1051 2861 1151 2902 omnes

75 2925 183 2987 virtutes
214 2940 245 2990 et
276 2925 408 2986 delectus
440 2929 621 3006 eloquentiae
651 2928 798 2986 Tullianae
830 2929 949 2986 uotiotm
980 2926 1151 2988 urbanitatis

76 3006 209 3074 ltomauac
227 3013 372 3074 contineri
389 3011 557 3092 perhibens,
580 3012 653 3072 hauc
671 3011 861 3071 urbanitatem
878 3011 1015 3090 iutelligit
1032 3011 1152 3090 elegan-

74 3095 134 3156 tiam
158 3119 282 3169 morum,
314 3095 521 3158 cousuetudine
548 3097 708 3156 liberalium
734 3097 877 3156 hominum
904 3107 937 3156 et
959 3097 1087 3177 politiori
1113 3094 1152 3157 ad

75 3186 248 3262 peregrinum
267 3183 426 3263 exemplum
443 3184 502 3242 vita
520 3182 628 3242 Romae
646 3181 802 3254 excultam,
825 3196 908 3262 quam
931 3193 968 3242 et
983 3183 1012 3242 in
1035 3183 1151 3242 circulis

70 3280 213 3330 uersantes
238 3280 271 3330 et
300 3269 329 3326 iu
360 3269 463 3344 rostris
492 3267 606 3348 publice
632 3266 809 3346 prodeuntes
835 3266 994 3328 ohservare
1017 3265 1152 3331 deceret.

74 3347 171 3414 Verum
198 3356 272 3416 haec
298 3355 393 3434 potius
418 3355 585 3414 humaniter
611 3363 689 3426 erat,
716 3353 786 3412 nihil
811 3352 919 3414 illaad
941 3373 1046 3432 genus,
1074 3351 1151 3432 quod

75 3437 140 3496 unic
158 3451 326 3510 tractamus,
349 3441 512 3520 pertinens,
525 3438 598 3518 ,scd
611 3441 720 3498 morum
737 3440 915 3518 elegantiam
938 3440 1036 3512 (leina
1047 3437 1151 3506 lirniu-

74 3517 151 3601 huug,
168 3524 360 3598 flouiclkatt)
380 3526 555 3604 significans,
574 3546 601 3586 v.
617 3523 767 3606 Spalding.
781 3526 800 3584 l.
814 3544 842 3584 c.
860 3546 888 3604 p.
902 3525 953 3588 27,
968 3523 1035 3584 coll.
1054 3545 1082 3603 p.
1097 3528 1150 3584 21.

74 3616 101 3664 ct
116 3607 195 3670 rna.
210 3609 447 3687 cataractarum
465 3609 512 3670 dic
530 3610 705 3682 flamonium,
724 3610 804 3690 Lips.
819 3611 912 3671 1796.
931 3613 970 3682 8,
989 3611 1037 3689 qui
1055 3612 1152 3671 tamen

75 3709 129 3752 rem
154 3691 245 3776 magis
272 3716 309 3755 ex
335 3716 421 3756 sensu
443 3690 638 3758 recentiorum
659 3696 905 3778 philosophorum,
934 3713 1017 3773 quam
1039 3713 1076 3754 cx
1099 3715 1151 3755 usa

74 3789 193 3843 veterum
220 3779 335 3842 tractat.
380 3781 411 3840 ln
438 3791 520 3860 parte
543 3785 727 3853 facetiarum,
755 3780 791 3840 de
814 3781 914 3860 quihus
935 3777 1022 3860 cupra
1044 3779 1151 3840 dictum

75 3873 126 3934 ost,
152 3865 220 3931 illud
247 3877 293 3926 est
318 3869 479 3944 peculiare,
508 3867 585 3946 quod
609 3867 725 3945 anglice
752 3865 866 3936 nomine
890 3865 1017 3924 lluumur
1040 3865 1150 3936 dicunt,

75 3965 149 4022 quum
168 3953 333 4031 qui¹laccte
357 3953 482 4024 ineatur,
505 3973 583 4012 suam
607 3953 686 4032 quasi
710 3953 799 4030 ipsius
821 3950 945 4010 indolem
968 3954 1150 4010 cincturam

75 4037 213 4113 propinat,
248 4057 341 4116 neque
378 4038 440 4095 eius
476 4039 610 4097 conscius
644 4056 709 4098 csse
739 4034 862 4100 videtur.
906 4035 1058 4115 Proprium
1088 4037 1150 4095 eius

75 4115 179 4180 ridiculi
202 4141 305 4182 nomeu
328 4123 444 4183 latinum
467 4143 524 4180 noa
547 4134 605 4194 est,
629 4122 681 4182 scd
704 4123 792 4202 ipsam
814 4141 875 4184 rem
892 4121 1029 4182 Ciceroni
1048 4120 1149 4198 engai-

75 4208 126 4262 letn
150 4207 252 4280 luisse,
280 4209 401 4286 colligas
428 4227 465 4267 ex
491 4207 536 4266 his
561 4208 658 4268 verbis
684 4207 720 4270 de
748 4206 830 4268 Orati
849 4211 883 4280 2,
908 4207 1063 4278 cente.
1098 4207 1153 4264 otc

75 4291 182 4360 quidem
207 4295 327 4354 hercole
353 4296 443 4354 etiem
468 4295 523 4353 illo
548 4295 634 4354 coldo
659 4295 1042 4364 meermannianam
1065 4294 1153 4369 quoni

73 4372 237 4438 submorosa
258 4381 400 4454 ridicule,
423 4397 483 4441 non
506 4397 591 4464 quum
615 4391 642 4442 α’
656 4399 771 4442 moroso
789 4373 948 4450 deductura·
968 4387 1036 4438 tum
1057 4378 1149 4441 oetion
