2678 4974
381 509 405 536 ι.
440 503 548 558 ecte.
575 504 654 556 xttt.
678 505 737 558 m.¹
855 507 858 515 ·
1067 507 1130 570 tut

69 675 187 736 otone
214 673 351 747 SUNTO,
380 677 442 750 Qut
466 677 508 736 lu
529 675 932 738 NAvtutMtNSEmNT.
977 679 1130 758 1100000ιί-

68 765 137 833 lnm,
151 783 247 840 nuum
274 765 330 820 inm
358 764 387 820 in
411 764 472 820 alto
495 767 686 840 moriturarum,
714 773 747 821 ot
771 783 854 841 quum
882 785 980 824 eorum
1008 767 1132 824 alteriue

67 851 153 917 neuun,
181 849 304 906 alternus
325 867 398 906 onnu
421 845 714 924 eeeet‚·nausragnm
741 851 882 926 quendam
909 859 1072 920 nutantem,
1101 861 1134 910 et

67 952 159 990 utuntur
175 935 215 990 ad
229 953 261 990 re
280 934 444 992 tendentem
461 935 748 992 animaduerterunt:
772 936 975 993 nreen'eortta
998 938 1135 994 commoti

67 1019 152 1076 navim
170 1019 210 1082 ad
226 1037 289 1080 eum
306 1020 510 1094 applicarunt:
529 1019 671 1087 muricem
689 1021 729 1076 ad
744 1037 776 1076 ce
793 1021 980 1078 cucmlerunt.
1024 1025 1131 1080 Postea

67 1103 208 1179 aliquanto
240 1105 319 1180 ipson
344 1123 458 1180 quoque
485 1113 639 1180 tempectau
664 1105 859 1162 uehementius
885 1107 999 1162 iactare
1025 1109 1131 1183 coepit,

66 1189 241 1264 usqueadeo
257 1197 300 1246 at
318 1178 450 1246 dominus
469 1191 566 1258 nauis,
590 1209 675 1264 quum
693 1191 767 1247 idem
786 1189 972 1266 gubernatur
990 1201 1076 1260 esset,
1101 1193 1131 1249 in

65 1273 192 1348 scapham
219 1270 397 1349 confugeret
420 1283 452 1331 et
475 1275 543 1332 ende
565 1270 719 1350 funiculo,
751 1277 803 1351 qui
828 1293 846 1331 u
868 1277 965 1352 'puppe'
987 1277 1133 1352 religatus

65 1358 192 1434 scapnam
212 1377 356 1416 annocum
368 1358 525 1429 tradebat,
544 1360 649 1429 rcauim,
669 1361 767 1436 quaem
778 1369 892 1436 posset,
910 1361 1131 1433 moderaretur,-

64 1443 110 1500 t'lle
127 1453 236 1512 antem,
260 1445 342 1502 cutus
358 1442 469 1501 noarce'e
487 1453 586 1513 erant,
609 1441 639 1501 in
660 1446 792 1520 gladium
816 1445 920 1502 ibidem
944 1445 1131 1502 incumberet.

65 1529 114 1584 Hic
135 1529 185 1586 ille
207 1525 373 1604 naufragus
392 1530 435 1586 ud
452 1528 683 1605 gubernaculum
706 1531 841 1599 accessit,
871 1532 1012 1599 et,nadi‚·
1037 1532 1135 1607 qctoad

62 1615 166 1688 potuit,
195 1623 241 1671 oct
264 1614 434 1689 opitulaltu.
479 1615 597 1672 Sedatlu
624 1625 719 1672 autem
737 1615 882 1693 fluetibus
908 1625 940 1673 ct
963 1625 1133 1692 tempestate

67 1699 117 1756 iam
133 1707 308 1756 commutata
325 1700 409 1758 nuceo
426 1701 457 1756 in
473 1707 589 1775 portum
603 1701 784 1776 pervehimur.
828 1701 884 1758 llle
902 1695 1010 1770 dictem,
1035 1701 1132 1777 quiin

64 1784 187 1857 pladium
201 1783 384 1853 incubuerat,
403 1785 508 1842 leuiter
519 1787 636 1844 saucius
643 1781 742 1860 facile
761 1795 808 1844 eet
822 1805 860 1842 eu
877 1786 997 1844 uulnere
1013 1803 1134 1868 remea-

67 1876 114 1926 tur.
155 1870 262 1928 Nacim
288 1887 464 1928 cumonere
486 1871 588 1928 darum
612 1871 698 1928 trium
719 1889 800 1930 marn
824 1873 944 1948 quicque
966 1889 1028 1928 ecce
1050 1871 1132 1928 dicit.

67 1955 115 2011 Hic
132 1973 230 2012 omnen
245 1955 357 2030 ocrim
376 1955 416 2011 ad
432 1957 722 2025 nonannoeane,
746 1965 778 2014 et
793 1975 832 2012 ea
849 1957 974 2014 nominis
990 1958 1022 2014 oi
1037 1958 1134 2014 noeai-

67 2048 109 2096 tur
133 2041 343 2098 corctronercia.
386 2041 464 2098 Num
490 2049 523 2098 et
545 2041 713 2118 relinquere
740 2042 849 2110 nontin,
877 2051 910 2099 et
927 2059 1080 2099 remanere
1103 2043 1133 2098 in

67 2127 140 2196 traci,
164 2125 297 2200 ‘deniqne
327 2126 411 2182 nauis
441 2127 505 2202 epea
537 2127 608 2202 quid
635 2128 687 2196 cit,
721 2125 940 2202 definitionibus
971 2127 1133 2204 quaerimr.

66 2211 112 2267 Ea
133 2210 385 2268 translatione
408 2210 446 2266 ite
469 2211 665 2268 controversia
684 2211 730 2267 iit:
754 2220 903 2289 antequem
922 2211 983 2287 ipse
1002 2229 1088 2268 cuneo
1106 2211 1134 2267 in
1194 2267 1196 2270 .

67 2293 163 2352 iudicio
186 2304 338 2364 tractetur,
362 2295 460 2374 quaeri
483 2305 590 2374 potest,
614 2315 678 2353 nom
695 2296 720 2352 is
738 2297 877 2372 quingit,
901 2291 1066 2373 petitionem
1087 2305 1137 2352 nut

68 2379 292 2456 persecutionem
307 2379 432 2450 hebeat,†
449 2399 513 2438 num
532 2380 588 2438 ulio
607 2378 704 2448 modo,
728 2380 807 2450 loco,
831 2391 973 2458 temporo,
996 2399 1060 2438 num
1080 2381 1136 2438 oiin

67 2465 138 2542 lege,
162 2485 225 2524 uum
248 2465 304 2522 aiio
323 2475 484 2544 quaerente
507 2463 646 2541 egendum
670 2466 715 2524 sit.
761 2465 839 2524 Haec
863 2466 1027 2534 constitutio
1051 2467 1135 2522 etium

67 2551 222 2608 translative
240 2560 361 2608 vocetur
378 2549 412 2608 eb
431 2551 572 2628 scriptore
591 2551 626 2608 nd
646 2551 817 2613 Herennium
838 2551 942 2622 t‚·12‚
962 2553 1012 2608 22.
1031 2554 1065 2620 2,
1085 2553 1135 2621 12,

68 2637 121 2706 18,
140 2657 157 2694 a
176 2636 319 2693 Cicerone
337 2633 372 2694 de
392 2635 450 2694 lov.
470 2639 502 2706 1,
523 2637 557 2707 8,
577 2639 637 2707 tm,
658 2639 775 2714 eiusque
794 2637 926 2695 inventor
946 2637 1136 2713 Hermagoras

68 2718 164 2779 dicitur
185 2719 290 2779 ibidem
314 2722 346 2791 1,
367 2723 421 2790 11,
442 2723 492 2779 16.
521 2721 695 2780 Coniurat.
720 2723 827 2799 purtitt.
846 2724 901 2792 38,
920 2723 992 2780 135.
1020 2718 1135 2794 Quintil.

67 2805 92 2876 3,
109 2807 137 2876 6,
157 2807 206 2866 63.
226 2807 275 2864 54.
294 2807 345 2863 60.
364 2807 414 2864 69.
434 2807 484 2866 70.
509 2806 690 2868 plenissimus
710 2807 744 2866 do
762 2807 816 2866 hnc
836 2809 1038 2866 constitutione
1057 2808 1137 2864 iocus

68 2901 140 2948 extet
160 2890 197 2950 de
220 2891 281 2952 lov.
294 2893 333 2960 2.,
358 2893 412 2962 19,
437 2893 485 2951 57.
525 2895 615 2968 (luunt
638 2903 733 2950 uorem
756 2893 834 2951 actio
858 2894 1063 2951 trunclutioniu
1086 2901 1141 2948 out

68 2979 293 3036 commutationis
314 2978 450 3054 redigere
472 2979 601 3048 nudetur,
630 2979 708 3054 quod
733 2997 791 3035 uon
819 2987 873 3034 ortt
896 2979 921 3036 it
948 2980 1025 3054 agit,
1055 2992 1137 3053 quem

68 3071 189 3136 oportet,
202 3071 264 3120 *aut
279 3080 341 3118 cum
360 3081 408 3131 eo,
428 3063 540 3138 quicmn
559 3073 689 3138 oportet,
714 3073 768 3121 nut
783 3063 863 3137 opud
879 3081 963 3140 queas,
977 3079 1042 3138 ¹quta
1060 3061 1135 3136 lege,

69 3165 240 3223 quapoeno,
261 3166 316 3224 quo
335 3149 465 3216 crimene,
485 3166 540 3223 qua
560 3157 688 3223 tempore
707 3153 831 3223 oportet,
851 3148 1020 3204 constitutio
1040 3155 1139 3204 trane

69 3231 154 3290 latina
172 3233 349 3309 appellatur.
384 3231 614 3309 Exemplum-est
631 3230 735 3288 ibidem
754 3234 788 3300 2,
808 3233 862 3301 20,
883 3233 949 3290 eo:
989 3231 1139 3307 Quum'ad
1234 3305 1237 3314 .
1303 3211 1305 3218 ¹

67 3317 117 3372 crin
130 3312 302 3392 sociandum
322 3317 437 3393 quidum
456 3319 566 3374 armati
581 3319 738 3386 uerterent,
763 3319 873 3374 nrmati
892 3311 996 3374 contra
1013 3325 1137 3394 praesto

61 3395 194 3473 suerunt,
219 3411 251 3460 et
270 3402 384 3460 cuidam
403 3404 497 3478 equiti
512 3398 639 3460 Rornano
659 3404 774 3479 putidam
793 3421 832 3458 ee
849 3403 971 3460 eumatio
988 3402 1141 3460 reciutenti

66 3479 163 3558 gladio
181 3503 294 3546 manum
308 3489 467 3563 praecidit.
503 3489 583 3564 Agit
599 3489 631 3557 ic,
652 3490 702 3546 cui
716 3505 818 3545 nunnus
832 3489 971 3564 praeciso
990 3496 1041 3556 est,
1062 3487 1138 3543 iniu-

68 3571 182 3628 riarum.
216 3573 353 3630 Postulat
372 3575 409 3642 ic,
438 3575 550 3650 purorum
577 3575 691 3648 agitur,
720 3591 738 3630 a
761 3582 904 3648 praetore
926 3573 1136 3648 exceptionem,

68 3651 189 3714 EXTRA
221 3655 328 3728 QUAM
359 3657 400 3715 IN
434 3657 537 3716 fluunt
566 3656 711 3716 CAPlTlS
740 3655 1015 3722 PRAEIUDICIUM
1042 3651 1137 3712 tter.
1219 3674 1225 3690 .

70 3749 122 3799 etc.
140 3751 195 3799 etc.
231 3731 361 3819 Denique
385 3763 427 3800 aa
451 3745 736 3801 ratiocinatione
763 3741 1026 3810 controversiu'iit,
1056 3759 1138 3818 quum

69 3826 188 3884 cessino
206 3827 322 3905 propriu
341 3827 406 3903 lege
424 3829 502 3886 venit
520 3828 547 3884 in
567 3827 709 3896 iudicium,
730 3843 802 3904 quoe
821 3825 966 3884 tamenab
985 3827 1047 3884 eliis
1066 3826 1139 3901 legi-

69 3905 116 3966 bus
133 3911 338 3970 similitudinem
358 3923 521 3990 aucupetur.
557 3911 722 3990 Exemplum
743 3923 788 3968 est
806 3910 841 3968 do
860 3912 918 3970 lnv.
938 3913 972 3982 2,
992 3911 1046 3981 66,
1066 3913 1137 3967 148.

70 3993 113 4050 En
136 3998 365 4056 ratiocinatione
396 4000 529 4056 noooitnr
558 3999 772 4067 controuersia,
791 4015 890 4073 2puum
916 4017 956 4056 em
982 4017 1029 4066 eo,
1062 3995 1141 4072 qrtod
1152 4029 1154 4036 ·

70 4082 173 4154 timiam
196 4092 252 4152 eet,
276 4082 317 4138 ad
338 4079 378 4138 id*
391 4084 469 4157 quud
489 4101 629 4156 recoquunt
650 4084 788 4158 scriptum
812 4092 858 4139 eut
873 4083 1060 4158 peruenitur,
1083 4081 1140 4136 loa

67 4175 167 4234 puoto:
191 4169 253 4226 Lea
267 4175 326 4224 est:
356 4164 390 4224 Sl
409 4165 591 4224 FURIOSUS
612 4165 689 4236 EST,
709 4165 894 4224 AGNATUM
915 4163 1140 4224 ooNTttlo'M·

72 4245 138 4315 Qut
162 4251 203 4310 ΙΝ
225 4251 273 4309 EO
297 4249 540 4322 PECUNIAQUE
559 4249 645 4310 EIUS
666 4251 855 4313 Potttsres
875 4251 980 4310 usto
1015 4251 1058 4308 Et
1073 4250 1139 4306 lca.-

72 4326 367 4396 ttrtntnutttlns
392 4334 451 4396 UTI
475 4335 595 4395 SUPER
618 4336 775 4425 inultum
799 4334 1043 4408 PECUNIAQUE,
1066 4332 1138 4392 SUA
