2678 4974
94 426 96 437 ἱ
189 439 254 538 aa
348 469 611 525 commeretur
632 469 671 524 m
689 468 883 526 cronnoms
903 471 1116 526 onaroanm.

190 669 246 708 noc
266 648 363 724 magu
378 641 502 725 perfert
521 648 551 706 in
574 647 692 706 audieris
714 643 826 706 mosum
844 655 877 706 ct
891 648 1038 725 imponam
1055 649 1277 726 antiquitatem,

190 753 275 812 quam
296 735 326 810 si
346 734 409 810 quis
431 734 462 808 in
483 751 572 790 soona
588 733 691 792 lloacii
711 740 765 790 cut
784 734 942 810 turpionis
957 733 1092 792 Ambivii
1108 736 1279 812 obprimere

187 828 290 897 gasteis
311 819 393 876 velit.
431 815 516 876 Comi.
538 836 565 876 c.
586 819 639 876 23.
660 815 737 876 med.
774 815 905 898 Denique
928 817 1018 876 tristis
1038 819 1130 878 oratio
1150 829 1196 880 est
1214 821 1279 878 nul·

190 905 225 962 iis
247 903 364 962 floribus
386 903 408 960 i.
428 921 456 962 e.
480 903 587 982 tropis,
616 903 750 980 nulloque
777 903 823 962 rel
850 903 952 962 leviori
980 919 1091 980 genere
1118 903 1278 982 figurarum

187 987 333 1049 distinata.
365 987 481 1060 Quintil.
503 989 533 1059 8,
553 989 585 1059 3,
606 989 658 1048 87.
685 989 746 1047 olio
773 990 859 1066 copia
887 989 1032 1066 locuples,
1062 991 1124 1048 alio
1141 990 1279 1069 floribus

189 1075 281 1134 lacto.
328 1073 458 1132 Floribus
477 1084 507 1132 et
525 1073 680 1151 figurarum
698 1073 800 1132 leviori
823 1092 932 1150 genero
951 1071 1018 1134 addi
1040 1086 1175 1153 possunt,
1194 1069 1277 1154 'qnae

188 1160 276 1220 babet
301 1169 403 1220 auctor
429 1157 537 1234 dialogi
568 1157 605 1217 de
637 1168 725 1216 oratt.
754 1177 782 1217 e.
808 1161 860 1218 20.
890 1178 992 1218 curans
1019 1170 1276 1237 argumentorum,

154 1253 161 1264 ’
190 1246 281 1319 (nicht
306 1265 342 1304 zn
368 1245 436 1322 lang
463 1243 607 1322 gedcbnte
633 1241 902 1322 Argumentation),
936 1245 1032 1330 colors
1045 1247 1276 1318 sententiarum,

188 1333 270 1390 nitor
288 1340 320 1389 et
334 1331 431 1388 cultus
449 1331 688 1407 descriptionum.

273 1415 408 1476 barrida.
455 1413 535 1474 Haec
559 1421 603 1474 'est
626 1413 741 1484 eadem,
772 1433 844 1496 quae
871 1414 1012 1486 incomta,
1041 1415 1234 1476 translatione
1260 1435 1277 1474 a

188 1501 298 1582 capillis
314 1501 408 1560 iacta:
429 1519 492 1558 nam
510 1501 628 1576 incomti
647 1500 743 1579 capilii
761 1497 871 1560 horridi
889 1500 971 1558 finnt.
988 1508 992 1524 ¹
1010 1500 1104 1573 Quare
1124 1520 1151 1560 o.
1168 1503 1203 1594 9ἳ
1220 1504 1273 1562 28.

187 1587 308 1665 torpide
331 1596 362 1668 et
383 1587 492 1644 onculte
515 1596 736 1664 componuntur,
767 1596 796 1644 et
819 1605 846 1645 o.
872 1586 925 1658 25,
951 1587 1004 1646 86.
1029 1585 1149 1663 legitur:
1180 1607 1275 1666 quou-

187 1683 273 1750 quont
291 1672 392 1730 iisdem
411 1673 591 1730 ornamentis
607 1681 707 1730 utemur
724 1672 886 1730 horridior.
928 1690 931 1694 ·
951 1741 954 1746 Ι

273 1758 346 1827 leri,
375 1767 519 1834 quaeest
545 1757 606 1816 sina
633 1758 789 1835 asperitato
816 1757 1032 1816 consonantium
1044 1767 1217 1831 restarem,
1246 1768 1275 1818 et

127 1909 133 1923 ἱ
187 1843 250 1904 sino
263 1859 411 1901 eoncursu
429 1842 569 1901 vocalium
588 1842 648 1902 sire
667 1843 756 1900 hiato.

271 1937 397 1986 cuncta.
426 1927 567 1986 concinna
589 1937 620 1986 et
645 1927 767 1986 naturali
793 1926 946 1986 verborum
973 1925 1075 1987 ordine
1099 1930 1271 2008 composita.

189 2013 340 2086 „Correxi
370 2022 484 2072 cometa
515 2031 568 2092 pro
600 2012 716 2090 vulgato
748 2015 912 2084 incuncta,
938 2011 1013 2092 quod
1040 2032 1057 2072 e
1083 2014 1192 2074 vicinia
1219 2016 1272 2074 bno

132 2085 135 2102 ⁴
187 2099 354 2158 translatum
374 2108 434 2169 est,
460 2117 515 2157 nee
533 2097 591 2157 ullo
609 2096 694 2156 modo
713 2098 759 2156 bio
778 2098 872 2156 locum
890 2098 988 2158 habet.
1036 2097 1134 2158 Oratio
1157 2109 1274 2160 strumo

188 2178 255 2262 apta'
281 2193 325 2244 est
351 2183 406 2242 boc
433 2184 515 2256 loco,
545 2182 581 2242 de
609 2175 713 2263 quaaev.
740 2183 834 2255 Clau„
859 2203 932 2262 quae
960 2185 1114 2262 opponitur
1140 2187 1218 2246 tristi
1246 2195 1273 2246 et

187 2268 324 2332 horridae
347 2270 512 2330 orationi.“
541 2268 614 2328 Ean.
652 2268 712 2328 lmo
732 2267 885 2348 dissipatae
905 2279 935 2328 et
952 2268 1109 2328 dissolutae
1133 2272 1272 2340 orationi.

189 2353 322 2428 „Verum
341 2373 453 2414 sensum
471 2353 552 2414 verbi
571 2356 739 2414 rennuente·
753 2355 865 2433 apernit
882 2354 916 2413 Τ.
931 2353 1049 2414 Ernesti
1067 2355 1141 2416 Lex.
1158 2356 1270 2416 Tenba.

186 2440 252 2500 L‘at.
270 2439 353 2500 uter.
372 2461 401 2499 r.
422 2442 607 2500 iustruerc.“
635 2439 713 2498 Mar.
744 2440 862 2499 Rectius
880 2440 969 2500 Beier
985 2439 1139 2506 lectionem
1157 2451 1273 2502 structo
1337 2433 1338 2471 ³

187 2524 345 2585 detondens
363 2523 488 2584 laudarit
506 2545 533 2584 c.
553 2528 607 2584 44.
644 2523 728 2584 Addo
747 2526 775 2602 §.
796 2527 870 2586 232.
892 2525 964 2585 bcnc
981 2536 1123 2586 abactam
1142 2529 1272 2592 colloca·

187 2614 310 2684 tionem,
346 2621 376 2670 et
402 2609 438 2670 de
466 2621 528 2689 opt.
558 2629 626 2689 gen.
657 2629 701 2668 or.
731 2609 759 2687 ξ.
789 2612 820 2672 5.
849 2612 903 2670 sed
932 2613 1021 2670 etiam
1046 2612 1202 2672 verborum
1228 2619 1274 2672 est

185 2705 337 2756 ammonere
361 2698 503 2774 quaedam
526 2706 584 2755 eto.
624 2695 820 2774 Significatum
845 2697 951 2775 optime
971 2697 1128 2776 explicavit
1150 2696 1221 2756 Ero.
1245 2699 1271 2770 in

186 2780 278 2839 Clavi.
324 2783 474 2840 Instructo
496 2792 590 2840 autem
614 2781 643 2840 b.
664 2781 684 2840 l.
710 2792 740 2841 et
761 2783 910 2842 molestum
933 2792 978 2840 est
999 2792 1065 2861 post
1090 2782 1271 2860 praecedens

186 2868 326 2925 tnruucti
342 2877 371 2926 et
389 2877 511 2946 propter
526 2867 616 2946 ipsum
632 2867 820 2943 significatum
835 2888 892 2926 non
906 2865 1102 2926 tolerandum:
1123 2870 1271 2928 insumere
1335 2901 1336 2906 κ

187 2953 262 3012 enim
289 2955 468 3025 orutz‘onem,
498 2954 696 3032 quaestionem
727 2953 846 3032 (Topica
873 2953 900 3029 ἕ.
925 2955 993 3024 92..
1022 2951 1070 3014 ubi
1096 2951 1163 3012 vide
1190 2959 1269 3025 nos),
1335 3019 1336 3032 q

185 3053 321 3110 eausam,
345 3040 424 3097 litem
447 3049 492 3118 est
513 3049 680 3118 argumenta
703 3057 737 3096 ac
760 3039 924 3098 testimonia
947 3039 1120 3117 conquirere
1147 3049 1270 3119 apteque

183 3123 311 3182 interae
329 3124 492 3195 collocare,
513 3143 568 3204 qua
586 3123 621 3184 de
640 3123 739 3183 rehio
757 3143 852 3184 sermo
871 3143 928 3182 non
947 3134 1003 3184 est.
1042 3122 1096 3184 ssa.
1260 3115 1266 3127 ’

270 3207 309 3266 11.
334 3212 454 3268 Tenues.
476 3209 539 3268 soil.
560 3210 686 3269 fuerunt.
719 3207 727 3238 x
1334 3271 1335 3278 ,

271 3296 361 3352 ucuu’.
403 3294 480 3367 'Quia
511 3295 588 3354 inter
613 3297 670 3354 alia
697 3305 799 3372 arguta
826 3295 1073 3373 argumentatione
1101 3305 1132 3354 et
1159 3293 1269 3356 crebris
1334 3301 1335 3319 ³

184 3378 401 3457 enthymematis
420 3391 449 3439 et
467 3381 641 3460 syllogismis
660 3380 814 3440 rhetoricis
832 3392 959 3440 utuntur.

264 3483 370 3542 pressa
393 3469 540 3525 orom'onc.
586 3465 665 3524 Dicit
692 3485 769 3536 eam,
798 3485 887 3544 quae,
915 3467 991 3526 sicut
1016 3467 1104 3526 vestis
1131 3464 1269 3526 adstricta

93 3615 96 3626 y
183 3549 310 3626 singulos
333 3560 411 3610 artus
434 3552 582 3630 exprimit,
611 3552 651 3609 ita
674 3553 801 3628 cogitata
827 3550 933 3610 reddit.
982 3552 1076 3625 Quare
1100 3552 1154 3612 hoc
1179 3569 1268 3630 genus

183 3645 328 3694 oratorum
356 3635 400 3694 rei
427 3638 548 3695 maxime
575 3637 653 3715 paris
680 3636 740 3698 sive
762 3636 926 3714 vulgaribus
950 3647 979 3696 et
1002 3635 1174 3716 quotidianis
1201 3655 1288 3724 pro-¹

182 3721 309 3798 priisqne
336 3721 431 3780 verbis
469 3724 589 3802 (κυρίοις
619 3713 769 3799 ὀνόμασι),
808 3741 880 3800 quae
908 3721 1264 3784 defeaeantur.

182 3807 323 3864 inornata
341 3816 374 3866 ct
389 3809 572 3866 dominantia
589 3807 680 3866 uerbo
699 3805 784 3878 dicit,
805 3807 949 3868 utebatur.
965 3851 968 3856 -

268 3892 324 3950 alii
340 3893 453 3951 callidi.
489 3891 612 3971 Propter
630 3901 750 3951 astutam
769 3890 1021 3954 dissimulationem
1038 3893 1170 3954 artificii:
1191 3902 1267 3954 tanta

182 3973 256 4034 enim
275 3977 304 4035 in
322 3977 357 4036 iis
375 3977 499 4038 facilitas
519 3989 564 4037 cst

455 4072 488 4120 ut
504 4063 564 4122 sibi
579 4067 700 4142 qut'sque
839 4108 841 4116 ·
1117 4118 1122 4128 .

179 4147 290 4224 Speret
314 4148 406 4218 idom,
434 4149 521 4206 sudet
541 4146 660 4208 mutuom
677 4147 858 4230 frustraque
881 4150 1009 4224 laboret,

178 4233 281 4290 Ausus
303 4233 379 4290 ritem
1035 4244 1038 4252 ’

180 4313 211 4376 ui
237 4327 283 4376 est
308 4316 383 4397 apud
405 4281 551 4380 Horatium
578 4318 685 4382 ibidem
706 4342 737 4382 r.
761 4325 835 4404 240.
883 4323 972 4396 Quam
998 4322 1059 4384 sire
1086 4322 1261 4390 facilitatem,
