2678 4974
195 473 242 537 39
355 466 617 525 commoturum!
638 471 677 524 ΙΝ
696 471 889 529 ClCBRONlS
908 475 1121 532 ORATOREM.

194 649 349 720 orationis3
379 648 408 704 in
434 643 529 706 nenio
557 663 683 724 genere,
711 649 785 706 sicut
807 647 987 723 Herodotus,
1014 650 1112 713 Livius
1133 667 1277 730 versatur,

77 794 79 803 ,
194 736 270 794 uulla
294 735 426 800 virtutum
451 733 539 790 animi
567 743 596 791 et
621 733 725 792 mentis
751 753 823 813 prae
851 738 958 796 ceteris
986 749 1120 811 extante,
1149 741 1204 800 sed
1226 763 1280 802 una

194 841 257 880 cum
289 820 381 877 altera
412 816 448 876 ad
476 818 711 896 ‘aequabilitatem
743 821 882 880 orationis
909 824 1104 902 conspirante.
1151 825 1277 888 Tacitum

193 925 351 985 quanquam
379 923 441 964 cum
469 904 549 981 gravi
575 903 750 983 Thucydidis
781 925 892 984 genere
923 910 1072 980 conteras,
1107 915 1278 990 praesertim

193 993 354 1053 orationum
369 991 494 1059 nomine,
514 999 609 1049 tamen
626 992 723 1050 verius
743 1002 797 1062 est,
820 1011 883 1050 eum
902 1013 980 1052 snam
1000 993 1140 1074 quandam
1159 998 1277 1058 formam

193 1076 324 1148 dicendi,
349 1077 414 1134 altis
433 1075 632 1153 philosophiae
651 1077 801 1135 sententiis
820 1087 850 1136 et
867 1081 1003 1156 poeticae
1021 1081 1174 1142 luminibus
1194 1104 1277 1143 exor-

193 1174 302 1232 natam,
328 1163 448 1240 sequi.“
487 1160 694 1223 Kunnnunxca.
719 1161 792 1220 tiber
815 1162 1147 1246 Geschichtserztthlung
1171 1169 1277 1243 (Quad-

112 1249 114 1256 ’
192 1250 261 1307 liuh.
283 1249 377 1306 1836.
402 1251 449 1319 4.)
472 1267 502 1324 p.
523 1247 566 1304 26
583 1267 626 1324 sq.
663 1246 701 1304 A.
725 1246 832 1306 Gellius
855 1249 875 1306 l.
897 1267 925 1308 c.
950 1251 992 1308 sic
1015 1252 1158 1330 loquitur:
1199 1258 1277 1314 Vera

192 1344 287 1394 autem
315 1344 346 1391 et
367 1334 496 1412 propria
523 1333 723 1391 huiuscemodi
742 1330 913 1410 sannarum
944 1339 1079 1414 coempta
1111 1341 1143 1398 in
1169 1342 1277 1400 Latiam

191 1421 295 1497 lingue
321 1421 364 1478 M.
392 1421 490 1476 Varro
523 1436 585 1475 esse
617 1419 692 1476 dicit
715 1419 861 1477 ulutatu
885 1422 1059 1493 Pacuuium,
1092 1427 1277 1502 gracilitatis

189 1507 349 1574 Lucilium,
373 1503 588 1562 mediocritatis
609 1503 785 1562 Terentium.
1107 1507 1112 1519 ¹

276 1591 348 1663 Quin
368 1589 452 1648 etiam
476 1588 504 1645 iu
527 1587 596 1660 illis,
622 1607 693 1666 quos
712 1588 852 1648 Homerus
871 1589 967 1650 lliadis
989 1591 1055 1652 lihr.
1077 1595 1111 1664 1,
1129 1597 1195 1656 249
1213 1615 1272 1676 sqq.

131 1711 137 1730 .
189 1687 219 1736 et
237 1679 268 1748 3,
290 1677 352 1734 213
372 1693 436 1752 sqq.
456 1671 659 1732 disertissimos
677 1675 877 1738 interheroes
889 1667 1022 1752 ‚Graecos
1041 1692 1197 1740 enumerat
1213 1702 1275 1740 ora·

188 1774 268 1820 tores
286 1773 357 1831 tres,
380 1760 473 1828 Ulixe,
494 1758 627 1818 Menelao
647 1770 677 1817 et
690 1759 829 1832 Nestore,
850 1761 905 1820 hoc
924 1763 1032 1841 triplex
1050 1764 1169 1824 dicendi
1188 1785 1274 1845 genus

188 1849 297 1926 antiqui
320 1847 373 1905 sihi
396 1846 541 1924 reperisse
564 1846 617 1904 visi
640 1856 720 1916 sunt,
744 1857 775 1904 ut
794 1845 888 1905 discas
907 1865 944 1906 ex
963 1849 1129 1921 Quintiliani
1149 1855 1203 1924 12,
1224 1855 1272 1922 10,
1337 1859 1338 1872 ’

188 1937 241 1994 64.
259 1944 288 1991 et
301 1930 339 1990 A.
354 1931 437 1990 Gellii
456 1929 494 1990 N.
509 1928 547 1989 A.
565 1931 586 1989 l.
602 1950 631 1989 e.
668 1930 733 1989 Nec
752 1942 846 1990 tamen
865 1934 988 1992 omnium
1006 1933 1156 1999 rhetorum
1177 1936 1274 1998 eadem

188 2030 252 2078 erat
270 2019 409 2076 orationis
428 2018 456 2074 in
475 2017 531 2074 tria
550 2035 660 2093 genera
674 2014 792 2074 divisio:
813 2037 877 2076 narn
891 2018 940 2076 alii
959 2030 1082 2098 quatuor
1099 2023 1271 2094 statuebant,

187 2115 218 2162 ut
240 2103 404 2162 Demetrius
431 2099 467 2160 dc
489 2101 678 2172 Elocutione,
708 2102 756 2159 ulii
780 2103 920 2182 quinque,
949 2115 981 2162 ut
1004 2104 1200 2185 Hipparchus,
1228 2110 1272 2170 alii

187 2191 286 2260 aliter,
311 2188 369 2272 vid.
392 2185 489 2246 Wala.
510 2188 602 2266 prael.
624 2186 660 2244 ad
678 2187 775 2245 llhett.
799 2187 848 2248 Gr.
871 2189 938 2248 Vol.
959 2193 991 2250 9.
1012 2212 1042 2269 p.
1064 2191 1163 2264 V111.‚
1187 2196 1272 2274 inpfi.

186 2277 239 2334 mis
262 2274 359 2334 adnot.
381 2276 433 2334 19.
481 2273 542 2331 lloc
565 2283 658 2330 autem
683 2274 748 2330 loco
768 2272 898 2332 Oratoris
920 2273 987 2334 inde
1011 2279 1161 2338 averhis:
1199 2283 1272 2340 Nara

186 2371 218 2418 et
231 2362 428 2438 grandiloqui
443 2360 575 2438 sequitur
590 2357 747 2436 descriptio
766 2357 883 2436 grandis
902 2357 1017 2419 dicendi
1037 2366 1169 2440 generis,
1190 2365 1271 2444 idque

186 2456 216 2506 et
234 2449 323 2525 ipsum
342 2446 513 2525 tripartitum
533 2454 592 2501 est:
619 2462 682 2500 naun
701 2447 731 2502 1.
754 2455 786 2502 et
798 2446 996 2523 grandiloqui
1010 2483 1053 2494 —-
1062 2447 1199 2527 suerunt
1213 2469 1271 2510 euna

185 2534 283 2610 ‹tmpla
311 2541 369 2589 etc.
404 2531 434 2588 2.
461 2530 540 2607 quod
564 2531 656 2606 ipsura
684 2531 740 2587 olii
765 2548 872 2606 aspero
899 2541 958 2590 etc.
986 2534 1018 2591 3.
1045 2537 1103 2593 ulii
1127 2538 1191 2596 leui
1214 2547 1268 2595 etc.

184 2615 255 2676 lude
278 2614 425 2677 averhis:
462 2617 504 2673 Et
525 2624 630 2672 contro
654 2623 756 2673 tenues
774 2624 833 2673 etc.
854 2617 983 2694 sequitur
1002 2616 1162 2699 descriptio
1175 2623 1270 2705 ,tenuis

185 2703 319 2779 generis,
345 2701 425 2760 cuius
447 2701 515 2758 item
534 2699 641 2777 triplex
658 2701 733 2757 ratio
753 2698 942 2760 discernitur:
968 2723 1033 2762 nam
1057 2709 1089 2779 1)
1114 2718 1149 2766 et
1169 2717 1269 2766 canna
1336 2765 1337 2782 ,

184 2798 286 2846 tenues
304 2797 363 2845 etc.
392 2784 423 2858 2)
443 2788 477 2844 In
497 2786 653 2862 eademque
669 2805 782 2862 genere
802 2796 860 2845 etc.
890 2789 922 2860 3)
941 2791 1012 2848 Alii
1027 2793 1057 2849 ia
1077 2794 1182 2852 eadem
1200 2795 1269 2852 ierit·
1336 2797 1337 2808 ¹

91 2924 94 2935 .
182 2876 278 2931 nitate
305 2883 363 2930 etc.
404 2871 489 2930 Conf.
519 2869 659 2928 Schneid.
688 2869 726 2930 ad
753 2869 883 2930 [demetr.
913 2871 949 2932 de
980 2873 1097 2936 Elocnt.
1136 2878 1166 2954 ς.
1196 2878 1265 2938 236.

183 2955 359 3017 Postremum
379 2955 500 3016 medium
518 2957 702 3035 persequitur
718 2955 785 3017 inde
804 2977 821 3015 a
838 2957 934 3017 verhis
955 2960 994 3036 (ἕ.
1007 2958 1079 3035 21)ε
1102 2965 1163 3022 Est
1178 2973 1269 3024 autem
1336 2993 1337 2996 ¹

183 3046 300 3124 quidam
319 3046 492 3102 interiectus
509 3053 568 3101 etc.
590 3052 622 3101 et
636 3045 847 3108 sententiarum
867 3048 1031 3120 grauitate.
1058 3046 1180 3108 Schutz.
1199 3047 1268 3111 scri·

182 3131 240 3208 psit
258 3140 290 3188 et
304 3149 329 3188 a.
348 3129 535 3206 granditate,
557 3128 622 3206 quia
639 3129 733 3186 statim
752 3147 850 3188 rursus
869 3140 1004 3207 sequntur
1019 3153 1132 3209 graues
1150 3145 1181 3193 et
1198 3134 1267 3192 inira

181 3218 213 3286 9,
235 3216 288 3273 30.
309 3215 423 3291 legatur
441 3215 565 3290 amplum
584 3213 617 3271 e't
629 3214 786 3290 grandem.
807 3198 868 3271 'At
885 3215 951 3274 talis
970 3217 1130 3294 perbreve
1151 3220 1266 3299 spatium

181 3300 318 3378 repetitio
336 3298 489 3357 verborum
507 3315 564 3356 non
582 3317 651 3356 rara
669 3308 713 3356 ost
731 3297 805 3375 epod
823 3297 898 3358 hunc
921 3303 1110 3380 scriptorem,
1135 3321 1266 3383 praeser-

180 3387 231 3442 tim
250 3385 279 3442 in
297 3383 353 3442 hoc
372 3383 472 3454 libro,
487 3391 519 3440 ut
540 3381 615 3440 inira
634 3379 788 3440 dacehitnr
809 3381 846 3440 ad
869 3403 896 3441 c.
917 3387 970 3456 27,
991 3389 1043 3447 91.
1089 3388 1176 3449 Adde
1195 3383 1266 3468 quod

180 3489 282 3529 vocum
304 3470 441 3546 grauitas
464 3477 494 3526 et
513 3469 618 3544 maath
638 3467 788 3545 multiplex
810 3486 910 3528 sensus
934 3483 979 3530 est
1001 3483 1047 3544 et,
1076 3474 1155 3552 quod
1178 3472 1261 3534 0rell.

62 3561 66 3571 “
181 3553 344 3625 adnotavit,
369 3569 461 3631 aeque
481 3552 634 3612 offensioni
653 3569 718 3610 esse
736 3571 823 3630 posse
843 3558 1042 3634 grandiloqui
1057 3579 1121 3618 curn
1142 3557 1263 3638 grandi·

181 3649 258 3710 tate,
287 3650 373 3718 atque
398 3639 550 3715 grauitate
578 3656 641 3695 oum
665 3657 786 3714 graues.
833 3637 912 3698 ldenn
934 3640 1055 3702 Beiemrs
1083 3645 1111 3702 in
1140 3644 1263 3704 editione
1335 3689 1336 3694 .

181 3725 280 3784 Orellii
293 3724 396 3782 maiori
411 3722 533 3780 monuit:
560 3721 735 3793 „Schuetaii
749 3725 961 3784 correctionem
972 3731 1151 3804 granditate
1164 3727 1264 3789 reiecit
1335 3723 1336 3786 l

180 3811 217 3869 H.
233 3809 272 3868 A.
289 3806 447 3868 Burchardi
466 3808 494 3865 in
512 3805 682 3867 Animadvv.
703 3807 739 3867 nd
759 3807 821 3868 Cic.
839 3809 920 3870 Oret.
943 3812 1085 3886 (Beroliu.
1102 3817 1198 3876 1815.
1219 3814 1260 3876 8.)
1335 3837 1336 3870 t

179 3885 211 3975 p.
235 3897 266 3954 9.
293 3914 356 3952 cum
384 3911 477 3971 eoque
505 3893 573 3952 Chr.
599 3891 674 3954 Dan.
699 3893 791 3952 Beck.
820 3896 849 3953 in
876 3893 958 3955 Dior.
982 3897 1038 3957 litt.
1063 3899 1144 3989 Lips.
1170 3898 1258 3960 1816.

178 3979 219 4040 Ν.
240 3981 293 4039 78.
314 4000 343 4060 p.
364 3980 438 4037 622.
477 3977 568 4038 Recte
591 3981 655 4038 scil.
677 3978 836 4038 Burchardi
859 3981 935 4040 inter
957 3983 1029 4042 alia:
1067 3984 1156 4044 Immo
1175 3983 1260 4060 magis
1335 3989 1336 4014 ¹

180 4073 276 4146 (quam
304 4065 429 4141 vulgata)
458 4083 504 4123 me
531 4064 713 4124 offenderent
739 4066 811 4124 ista:
837 4069 1036 4146 grandiloqui
1059 4071 1258 4130 fuerunt-cam

177 4152 270 4231 ampla
291 4150 499 4210 sententiarum
517 4153 732 4228 granditate.“
1048 4200 1052 4208 .

263 4238 352 4295 uarii.
399 4235 504 4295 Varios
527 4235 598 4295 dicit
619 4235 672 4295 hos
694 4237 803 4314 primos
825 4237 854 4294 in
878 4236 980 4315 grandi
1002 4257 1114 4316 genere
1133 4245 1257 4301 o'ratores

176 4323 323 4402 multiplici
342 4323 467 4395 ratione,
487 4341 550 4382 uam
564 4323 688 4382 varietas
706 4341 777 4382 esse.
790 4319 878 4382 dehet
896 4333 927 4382 et
944 4325 973 4384 in
991 4343 1102 4404 genere
1120 4328 1182 4408 ipsa
1200 4331 1256 4382 toto
1334 4315 1335 4358 l
