2710 4996
302 503 582 560 PROLEGOMENA
599 502 651 555 AB
667 501 744 569 CAP.
765 503 829 558 XLI
846 521 903 575 seq.
1079 501 1151 566 9911

67 683 201 758 perennis
225 689 257 738 et
272 681 439 760 profluens,
469 681 540 756 qratil
563 689 608 737 est
629 680 713 737 aliud
738 695 859 748 came,
886 697 940 738 cur
966 674 1148 756 venelone,

70 769 124 826 nisi
137 767 218 844 quad
234 766 379 824 domenum
398 765 520 823 nuribus
536 783 634 824 uocem
652 774 762 822 natura
780 765 949 824 moduletur
967 767 1054 842 ipss?
1071 767 1150 841 qnod

63 851 145 928 fieri,
167 852 325 910 nisiintest
340 869 476 910 numerus
494 852 525 909 in
544 869 628 919 vace,
650 869 709 908 non
728 858 839 926 potest.
887 850 1034 908 Numerus
1052 859 1148 908 autern
1248 889 1251 894 -

70 939 97 995 in
118 937 340 996 continuatione
361 937 460 994 nullus
483 945 543 1014 ests
573 937 738 1003 destitutio,
766 935 984 1011 coaequalium
1006 943 1149 1013 elsaepe

70 1024 211 1080 rariorum
239 1021 463 1080 cnnroallornm
484 1024 653 1098 percussio,
681 1037 829 1078 numerum
848 1019 984 1096 conficio
1018 1021 1148 1097 quanin

70 1107 235 1166 cadentibus
251 1109 359 1184 gordiu,
379 1108 458 1184 qnod
474 1105 641 1164 interuallis
664 1105 900 1182 lostinguuntur,
925 1097 1031 1164 notare
1044 1107 1150 1182 pom-

71 1210 141 1265 mus,·
164 1195 194 1250 in
218 1194 301 1251 amni
313 1193 538 1269 praecipitante
560 1209 618 1249 nort
641 1185 802 1268 possumulr.
849 1187 911 1246 Hoc
930 1200 987 1258 ost,
1015 1201 1149 1250 numeros

71 1275 137 1335 oder
152 1275 329 1357 rhythmiseh
353 1278 390 1335 ist
412 1275 563 1354 basjenige
585 1277 614 1333 in
637 1273 712 1334 uilem
733 1275 834 1332 Tonen
857 1273 914 1336 und
936 1274 1066 1343 Lentem,
1091 1295 1149 1334 nus

72 1365 185 1438 gemisse
208 1362 451 1440 Boneicbnuagen
474 1357 564 1420 durch
587 1361 660 1418 Tact
678 1359 800 1429 essholt,
826 1358 883 1418 und
904 1379 964 1418 nus
985 1361 1038 1418 wir
1060 1355 1148 1418 dureo

72 1445 113 1505 die
135 1447 353 1526 Vergieichung
379 1447 432 1506 dor
454 1445 763 1512 Zeitzwischenrttutno
795 1439 907 1507 nossem
939 1445 1070 1504 konnen:
1091 1447 1151 1503 ’snit

73 1531 157 1590 liecht
179 1532 250 1592 wird
278 1532 359 1592 diese
377 1529 509 1606 Artales
532 1531 689 1601 Numerus,
716 1549 799 1590 weun
827 1523 870 1590 sie
893 1551 947 1590 nur
973 1531 1052 1590 nicht
1078 1531 1149 1590 tort·

73 1615 191 1676 dauerod
210 1619 249 1678 ist
267 1617 294 1676 da
314 1619 333 1677 i.
352 1639 434 1676 wenn
457 1619 500 1676 siu
520 1609 573 1675 nur
589 1615 766 1674 Moduiation
786 1615 908 1684 enthtlt,
932 1615 974 1675 ais
998 1617 1064 1676 eine
1088 1617 1150 1674 lob·

71 1701 139 1762 licbe
157 1703 349 1782 Eigenschust
371 1702 424 1763 der
446 1701 526 1762 itudo
550 1699 725 1780 angeseben.
771 1699 854 1760 Deun
876 1720 958 1760 menn
987 1703 1033 1759 ior
1060 1721 1150 1778 unge·

72 1785 153 1847 noto
169 1789 227 1848 und
247 1778 375 1848 knustius
392 1788 464 1867 jone
483 1787 637 1865 bestttndig
655 1785 868 1846 fortilicssende
887 1785 1151 1866 Geschwtttzigkcit

54 1871 139 1932 ‘ohne
157 1873 366 1954 Beneicbnung
386 1895 441 1933 von
460 1873 649 1933 Abscbnitten
672 1891 707 1930 zu
725 1869 821 1930 haitan
838 1873 889 1938 ist,
913 1891 970 1931 was
991 1873 1029 1931 ist
1045 1871 1150 1944 undare

74 1955 114 2017 iic
131 1958 272 2034 Ursacire,
291 1955 356 2019 dass
374 1979 437 2018 man
456 1960 523 2018 eine
539 1959 638 2018 soleba
658 1955 738 2016 Rode
755 1951 947 2028 verscflnttht,
965 1957 1007 2016 nis
1025 1955 1090 2018 dass
1105 1959 1151 2016 mr

74 2041 117 2102 ias
133 2045 329 2111 meusehliche
347 2043 406 2103 sshr
424 2044 471 2104 die
489 2043 583 2103 Natur
605 2043 695 2103 selbst
717 2047 745 2100 in
770 2042 818 2101 die
837 2042 955 2101 Stimmc
972 2041 1150 2102 bioduiatiou

74 2125 97 2186 1.
114 2131 131 2188 i.
148 2129 291 2191 Wecirsel
314 2129 367 2189 der
389 2129 511 2207 chung
531 2128 589 2204 sind
615 2127 754 2207 Senkung
776 2129 846 2205 iegt.
892 2129 975 2186 Cani.
1000 2127 1078 2187 Orat.
1100 2131 1150 2198 18;

74 2213 116 2275 58.
154 2220 188 2276 ln
217 2237 276 2296 qno
304 2217 380 2275 illud
405 2217 492 2274 etiam
524 2215 683 2274 notandum
710 2215 784 2271 mibi
807 2213 924 2272 uidetur
955 2215 995 2272 od
1025 2216 1150 2274 sordium

71 2304 286 2380 persequendae
306 2302 462 2360 suauitatis
488 2301 518 2358 in
544 2298 671 2358 uocibus.
716 2299 784 2376 lpse
811 2301 887 2356 enim
913 2308 1037 2370 notura,
1067 2304 1153 2377 quest

75 2385 270 2446 modularetur
287 2387 432 2445 borninnm
451 2387 627 2454 orationem,
652 2385 682 2442 iu
706 2385 787 2442 omni
806 2383 895 2441 uerbo
915 2383 1020 2460 posuit
1036 2393 1151 2442 coortum

75 2489 171 2543 uocem,
190 2491 248 2532 nee
266 2473 417 2550 anaplum,
435 2489 490 2530 nec
508 2479 692 2548 apostrema
708 2467 825 2546 syllaba
843 2469 921 2528 citra
940 2469 1073 2532 tertione:
1095 2485 1160 2548 qno.

74 2559 159 2633 magis
176 2567 316 2618 numeram
335 2559 434 2615 docem
453 2557 494 2615 ad
510 2557 624 2614 ocenum
641 2556 818 2632 uoluptatem
835 2549 1152 2634 sequantr'indnstrim

76 2639 119 2712 51,
140 2643 212 2702 173.
243 2644 367 2702 omnium
394 2643 609 2720 longitudinum
636 2651 668 2698 et
693 2639 866 2720 brem'to'tum
887 2642 925 2718 l'l
950 2643 1044 2712 sonti,
1076 2642 1153 2699 sicut

76 2738 219 2788 acutarum
235 2731 436 2806 'grooo'nmque
459 2745 574 2797 vocum,
601 2725 738 2784 c'tttlt'oinm
770 2727 826 2783 'sa
849 2735 959 2784 natura
982 2727 1012 2784 in
1031 2727 1153 2786 auribus
1202 2757 1205 2764 ·

75 2815 175 2872 nostn's
201 2813 370 2874 collocavit.
414 2811 527 2871 Auctor
553 2813 594 2871 sic
621 2809 733 2890 pergit:
813 2829 844 2868 as
877 2809 956 2870 nicht
987 2809 1152 2887 geschehcn

75 2895 151 2969 kann,
169 2917 256 2960 menn
274 2899 354 2958 nicht
370 2897 513 2956 Numerus
531 2898 558 2956 in
578 2895 631 2956 der
649 2895 779 2974 Sprache
798 2895 843 2953 ist.
890 2894 968 2954 Haec
988 2897 1082 2954 ornnia
1096 2910 1152 2952 uon

75 2983 137 3041 satis
163 2985 316 3066 perspicua
342 2992 407 3042 sunt
432 2983 538 3062 tripiici
565 2981 601 3040 de
625 2999 725 3050 causa,
754 2977 830 3058 quod
852 2999 906 3038 nec
928 2979 1066 3038 vocabula
1080 3000 1152 3058 per-

76 3072 217 3129 nnsiones
245 3074 276 3128 e't
296 3069 459 3128 interuallo
484 3067 662 3144 cogitatione
688 3066 757 3123 satis
784 3065 934 3123 enucleata
960 3067 1076 3144 posuit,¹
1098 3083 1152 3122 nec

76 3167 176 3226 genera
210 3173 392 3213 numerorum
425 3154 603 3224 (sonantium
631 3151 768 3219 omnium,
805 3160 959 3208 metrorum
988 3160 1018 3208 ct
1041 3151 1154 3210 ursmari

76 3241 202 3311 oratorii,
233 3239 284 3298 des
311 3239 490 3310 nuttriichen
517 3235 589 3296 oder
614 3235 795 3305 kunsssnsen,
827 3233 878 3293 des
902 3231 1070 3314 poetischen
1097 3233 1155 3294 und

76 3319 278 3384 reduerischen
300 3321 468 3403 Rhythmus)
496 3319 565 3381 satis
588 3320 805 3391 discriminavit,
830 3339 885 3379 nec
909 3321 1095 3400 rhythmicum
1119 3341 1154 3378 ac

74 3399 261 3483 'syntecticam
282 3419 392 3489 partem
415 3407 526 3488 periodi
549 3408 618 3466 satis
642 3405 778 3464 distinxit.
824 3403 896 3464 Nam
915 3405 1026 3464 ratione
1046 3409 1155 3468 numeri
1216 3411 1229 3491 J

75 3497 236 3555 sonanu'nm
259 3497 383 3554 omnium
407 3494 608 3573 percussiones
626 3493 742 3571 proprie
761 3490 905 3562 dicuutur,
925 3491 1003 3550 reiut
1020 3491 1154 3569 unguine,

77 3578 179 3651 mallei,
199 3591 340 3659 guttarum
361 3577 531 3649 cadentium,
550 3579 663 3638 rationo
681 3578 766 3638 metri
784 3578 986 3655 percussiones
1000 3588 1065 3636 sunt
1083 3575 1155 3637 ursis

78 3671 105 3717 ct
124 3665 230 3739 thesis3
253 3667 371 3726 *rationo
393 3666 503 3725 numeri
527 3665 647 3724 oratorii
669 3673 806 3722 accentus
832 3663 952 3736 notatio.
997 3661 1155 3741 itidemque

78 3743 221 3810 intervalla
247 3771 300 3830 pro
328 3749 448 3810 diversis
479 3751 588 3809 numeri
616 3749 770 3828 generibus
801 3746 913 3818 diversa
940 3757 1014 3805 suut.
1058 3747 1101 3806 lia
1128 3749 1155 3804 in

78 3827 194 3894 numero
209 3837 376 3895 sonantium
395 3837 518 3894 omnium
536 3854 634 3894 rursus
652 3834 768 3914 proprie
788 3829 935 3889 dicuntur:
956 3841 1020 3890 sunt
1038 3835 1155 3892 enimin

79 3913 124 3973 ὶΙΙο
141 3921 279 4000 temporis
297 3919 450 3980 distantiae
469 3922 544 3980 inter
561 3939 649 3998 sonos
668 3913 827 3987 nat'uraies3
849 3917 877 3976 in
895 3919 994 3976 metris
1008 3917 1156 3979 intervella

78 3999 260 4084 intelligenda
277 4015 343 4064 sunt
360 4024 458 4063 morae
475 4006 535 4064 sive
549 4005 697 4080 longorum
713 4013 743 4060 et
755 4001 881 4060 brevium
896 4001 1066 4081 syliabarum
1082 4004 1158 4060 inter

80 4103 109 4141 se
140 4092 326 4170 comparatio.
372 4089 450 4148 Haec
482 4100 636 4148 metrorum
672 4087 821 4146 intervalia
855 4089 940 4146 etium
971 4090 1096 4166 φαείνω
1127 4097 1158 4144 et
1231 4113 1234 4118 ·

80 4175 207 4248 tempora
239 4175 324 4248 dicit,
354 4175 432 4233 reiut
458 4193 484 4232 c.
501 4175 567 4242 «57,
597 4175 666 4234 193.
696 4175 766 4232 194.
795 4173 1037 4252 comparationem
1071 4171 1154 4242 iliano,

81 4271 157 4328 quam
180 4259 253 4333 dini,
280 4261 454 4338 intelligens.
501 4259 554 4318 Ubi
577 4269 671 4319 autern
704 4269 836 4335 temporo
863 4269 893 4318 et
918 4257 1078 4316 intervallo
1100 4278 1156 4316 uuo

80 4335 141 4398 loco
160 4343 254 4406 iuncta
273 4347 361 4426 pouit,
382 4356 412 4405 ut
429 4367 454 4405 c.
476 4345 525 4416 57,
545 4347 627 4416 tot,
647 4354 775 4424 tempora
792 4343 1047 4422 intelligeremus,
1067 4343 1157 4402 iuter·
