2710 4996
430 477 523 531 cnr.
550 477 615 532 ιιι.
637 445 801 531 lus-mu.
1086 477 1165 556 m

69 652 166 712 fnisse
185 648 309 722 dicatum,
328 651 453 730 quamvis
470 671 560 712 annos
579 661 691 710 centnm
710 661 741 711 et
757 659 867 730 septem
885 669 949 712 eum
967 654 1155 734 complevisse

70 736 236 798 credamus.
272 757 298 796 ι.
320 736 468 796 Wachsm.
492 735 529 796 A.
553 734 610 796 Gr..
625 739 659 807 2,
684 739 713 795 2.
740 755 767 815 p.
786 739 862 809 449,
881 738 957 797 261.
993 738 1058 798 Νιι
1082 761 1157 802 uero

69 823 140 882 fieri
159 831 263 900 potest,
281 831 312 880 nt
330 821 473 882 Isocrates
491 832 557 880 erte
576 821 619 880 01.
634 823 685 892 88,
703 825 723 882 2
743 822 942 901 (427),ἰιιιιιι
960 843 1061 884 annum
1079 827 1156 887 vitae

68 908 182 985 agehat
203 906 393 977 undecimum,
423 906 576 984 discipulus
599 905 724 984 Gorgiae
747 906 845 980 lieret,
876 911 978 987 quippe
1005 931 1062 969 nou
1088 923 1155 972 ante

68 993 131 1052 hoc
149 1002 259 1070 tempus
278 990 401 1070 Gorgias
420 993 448 1050 iu
468 991 617 1052 Graeciam
634 1001 764 1052 venerat.
798 1013 826 1050 ιι.
846 991 932 1052 Diod.
950 993 1010 1054 Sic.
1029 998 1084 1066 12,
1104 999 1156 1057 53.

67 1077 234 1138 Westerm.
254 1078 382 1150 Quaestt.
402 1075 547 1136 Demosth.
571 1080 602 1136 2.
625 1098 653 1155 p.
673 1079 725 1137 28.
759 1076 906 1144 Videlicet
927 1098 963 1137 ne
984 1079 1155 1142 adolescens

61 1161 188 1242 quidem
216 1173 272 1221 tum
301 1162 445 1222 lsocrates
473 1171 543 1242 ιιιι.
579 1161 687 1222 Verum
714 1162 749 1222 ab
777 1181 813 1221 eo
840 1163 906 1222 inde
925 1175 1086 1242 tempore,
1089 1187 1158 1245 ‚per

69 1247 218 1310 Graeciae
236 1248 322 1308 urhes
340 1248 454 1325 saepius
475 1248 674 1326 peregrinans.
683 1259 714 1308 et
727 1249 763 1306 ιι
785 1249 899 1327 publica
916 1249 1059 1310 hominum
1079 1253 1158 1311 cele-

67 1334 180 1401 hritate
204 1333 325 1392 Athenis
350 1331 496 1411 Olympiae
526 1331 674 1403 (Philostr.
699 1334 798 1412 epist.
794 1332 842 1392 ad
857 1333 961 1392 lnliam
977 1333 1105 1418 August.
1128 1357 1157 1416 p
1172 1345 1174 1352 ⁴
1275 1371 1279 1376 -

67 1421 161 1490 919),
177 1417 302 1498 Delphis,
319 1417 459 1489 Corinthi,
469 1417 586 1488 Thebis,
599 1417 745 1496 Olympiae
760 1420 913 1498 praecipue
928 1422 1076 1492 oratione,
1073 1441 1158 1499 qnae

69 1505 217 1574 Graecus,
242 1505 354 1562 omissis
371 1505 454 1564 inter
465 1505 543 1589 ipso's
561 1502 698 1574 dissidiis,
717 1502 752 1562 ad
771 1503 950 1582 pugnandum
969 1514 1079 1564 contre·
1076 1506 1160 1566 ·Per·

68 1610 120 1650 sas
139 1589 320 1660 hortabatur,
342 1589 435 1666 tulgi
439 1599 469 1650 et
486 1575 710 1648 adolescentium
729 1588 847 1647 studia
836 1597 880 1647 ιιι
897 1590 1071 1650 incendisse
1077 1591 1159 1651 vide-

67 1687 134 1745 tur,
158 1685 191 1733 nt
211 1675 290 1734 multi
313 1693 375 1734 eum
398 1685 600 1752 sequerentur,
624 1674 686 1744 alii,
700 1673 839 1752 -qnumin
856 1675 1017 1747 Thessalia,
1040 1678 1159 1755 primum
1244 1671 1254 1688 ‘

68 1760 209 1820 Larissae
231 1758 307 1838 apud
323 1757 481 1830 Aleuadas,
506 1757 610 1818 deinde
629 1759 728 1818 Pheris
746 1759 841 1818 Iasoni
864 1772 961 1845 gratus
985 1718 1159 1822 ddmicilium

68 1846 290 1917 collocavisse,
325 1845 392 1904 illuc
423 1845 572 1904 salutatum
602 1845 896 1924 proficiscerenturss
939 1845 962 1904 1.
991 1845 1025 1904 G.
1053 1847 1158 1906 Prnnn.

69 1930 112 1994 de
131 1932 252 1991 lsocrat
269 1931 318 1990 vit.
339 1941 369 1988 et
391 1950 449 1988 sec.
468 1951 495 2009 p.
515 1931 667 1990 13-15,
698 1931 766 2002 Qun
784 1941 894 2009 tempus
912 1931 1024 1990 ntmerts
1043 1932 1078 1991 ab
1098 1931 1160 1992 lso-

69 2027 158 2076 crate
176 2009 314 2076 andieudi
325 2014 449 2093 Gorgiae
467 2035 555 2074 causa
572 2017 601 2073 in
614 2015 790 2074 Thessaliam
809 2017 935 2095 suseepti
954 2019 1053 2076 statuit
1070 2019 1158 2077 luisse
1220 2039 1223 2048 ·

69 2101 377 2173 retraetandum,
396 2121 450 2178 quo
469 2111 563 2160 tannen
581 2111 712 2179 tempore
728 2101 872 2160 lsocrates
889 2104 945 2159 iam
963 2111 1065 2162 annum
1082 2104 1159 2174 vitae

68 2197 245 2256 sextumet
271 2184 515 2264 quadragesimum
543 2186 674 2263 agebat„
693 2205 748 2244 nec
779 2185 950 2244 adolescens
969 2190 1069 2246 »inisse
1101 2187 1160 2247 dici
1253 2211 1259 2225 ’

67 2283 205 2354 poterat,
233 2269 371 2349 siquidem
398 2269 568 2330 adolescens
583 2277 640 2328 'est
665 2271 702 2340 is,
730 2271 831 2348 quiin
854 2273 1159 2352 extrema-pubertate

67 2368 221 2428 versatur,
246 2355 406 2436 pubescens
427 2365 516 2433 usque
535 2365 565 2414 et
581 2356 716 2433 'proxime
734 2356 844 2418 virilem
860 2366 997 2415 'aetatem’
1012 2359 1160 2435 ingressu·
1182 2359 1191 2390 l
1286 2386 1288 2396 ·

69 2463 133 2504 rus.
160 2463 187 2502 v.
210 2439 347 2501 Doederl.
371 2441 419 2498 lat.
445 2439 554 2520 Synna.
578 2440 645 2500 Vol.
665 2442 694 2501 5.
717 2461 747 2520 p.
761 2443 815 2501 53.
839 2444 968 2519 ιιι..29.Ι
995 2439 1160 2514 „Errorem

68 2529 196 2590 Munatii
219 2525 256 2588 ad
280 2523 462 2604 Cici'Epistt.
480 2527 515 2597 2,
540 2527 567 2586 1.
591 2546 618 2604 p.
637 2525 774 2586 toust.
796 2526 913 2597 Graev.,
937 2527 1160 2608 qui'iuventutis
1265 2589 1267 2594 ,

70 2615 187 2678 initium
213 2633 231 2672 a
257 2611 512 2691 septimodecimo
539 2631 613 2671 anno
636 2610 797 2672 laciendum
821 2615 886 2672 e'sse
912 2624 1075 2690 putaverat,
1103 2613 1160 2674 iam

72 2700 126 2758 diu
154 2709 212 2770 est,
240 2717 278 2758 ex
304 2718 359 2776 quo
385 2695 547 2762 Gronovius
572 2695 608 2756 ad
631 2697 844 2761 Tacit.·Annal.
864 2701 917 2767 12,
936 2701 988 2755 41.
1008 2700 1161 2779 castigavit

73 2783 273 2864 ostenditque,
300 2784 424 2860 quintum
444 2779 582 2842 decimum
600 2779 761 2856 legitimum
779 2779 854 2858 apud
872 2779 1014 2841 Romanos
1033 2785 1161 2842 tirocinii

72 2889 180 2931 annum
203 2869 305 2938 foisse,
321 2865 363 2930 ,id
389 2864 465 2944 quod
486 2866 715 2944 Varroquoque
742 2864 891 2936 indicauit,
922 2869 1104 2943 gravissimus
1131 2871 1161 2926 in

72 2957 121 3016 his
141 2953 226 3012 rehus
243 2953 340 3022 testis,
364 2953 444 3010 cuius
464 2951 677 3026 infrequente
700 2949 774 3028 apud
797 2951 983 3010 Censorinum
1007 2951 1044 3010 de
1066 2953 1102 3012 D.
1121 2951 1158 3012 N.

74 3061 105 3100 c.
125 3041 176 3100 15.
194 3037 343 3098 'secundus'
367 3036 510 3096 humanae.
531 3035 633 3112 aetatis
660 3034 764 3112 gradm
786 3056 804 3093 a
818 3036 922 3114 quinto
946 3035 1057 3095 decimo
1084 3057 1159 3096 anno

73 3124 113 3186 ad
137 3125 310 3185 tricesimum
333 3120 446 3180 ducitur
468 3119 749 3198 adolescentiamque
776 3119 811 3178 ah
839 3119 1031 3180 adolescendo
1055 3119 1174 3182 dictam

73 3208 208 3270 traditur.
252 3208 506 3270 Verumeuimvero
529 3203 662 3285 loquendi
686 3204 865 3264 consuetodo
881 3217 939 3264 tam
956 3207 1068 3265 incerta
1086 3215 1159 3278 erat,
1259 3283 1261 3292 Ι

74 3306 155 3356 ute.
175 3315 200 3354 c.
221 3294 342 3364 Caesar,
361 3293 478 3370 triginta
496 3310 549 3350 sex
566 3310 658 3350 annos
675 3301 770 3362 natus,
789 3290 961 3350 nSallustin
980 3291 1043 3350 Cat.
1063 3311 1089 3353 c.
1107 3295 1159 3364 49,

75 3383 108 3440 2.
137 3379 368 3440 adolescentulus
393 3387 561 3447 vocaretur,
593 3377 717 3475 itemque
743 3333 783 3434 11.
806 3375 912 3434 Brutus
934 3375 1047 3454 Nepoti
1069 3379 1159 3438 Attia.

77 3483 106 3524 ιι.
121 3467 151 3536 8,
171 3467 200 3524 2.
219 3464 398 3534 adolescens,
418 3483 480 3522 cum
500 3459 626 3541 quadra,
611 3462 746 3520 vatnam
764 3460 917 3522 secundnm
936 3464 1039 3522 aetatis
1057 3481 1160 3524 annum

77 3561 203 3628 ageret,
222 3550 262 3610 M.
286 3550 442 3620 Caecilius,
465 3557 582 3627 praetor
604 3545 783 3624 designatus,
795 3567 825 3606 a
848 3547 992 3607 Cicerone
1009 3547 1138 3607 Divin.'
1130 3569 1160 3608 ιιι

78 3635 187 3696 Caecil.
207 3637 250 3705 9,
273 3635 310 3694 ah
333 3633 435 3700 eodem
457 3633 527 3694 Phil.
541 3636 581 3704 .,2
602 3636 656 3692 44.
675 3633 786 3692 Brutus
809 3643 839 3692 et
862 3633 977 3695 Cassius
999 3643 1160 3709 praetores.

77 3720 165 3780 Pluia
192 3720 321 3797 exempla
348 3721 394 3798 qui
423 3719 579 3790 desiderat,
607 3717 692 3780 adeat
715 3718 866 3778 lineium
859 3739 887 3775 ιιι
915 3715 1013 3775 lndice
1028 3717 1160 3796 Nepotis

76 3807 107 3865 h.
122 3826 149 3864 v.
169 3815 199 3862 et
217 3803 308 3866 Kritz.
328 3803 364 3864 ad
382 3805 495 3864 Sallust.
512 3805 596 3864 Catil.
614 3825 642 3882 p.
661 3806 747 3863 228.·
770 3803 803 3862 ln
819 3812 911 3862 tanta
916 3801 1002 3860 huius·
1014 3803 1161 3862 similium·

79 3910 135 3970 que
154 3890 296 3954 nominum
314 3890 498 3948 fluctuatione
512 3889 590 3972 hene
609 3889 719 3957 evenit,
737 3898 769 3946 nt
786 3887 847 3964 ipsa
866 3884 973 3964 dialogi
993 3887 1042 3960 (de
1061 3894 1158 3962 oratt.)

78 3977 206 4052 scriptor
224 3973 460 4051 computationem
480 3963 604 4032 noemam
623 3974 774 4030 admodum
792 3971 931 4048 particula
949 3971 1062 4039 adiecta
1073 3971 1160 4031 adiu-

78 4071 163 4121 varet
182 4065 222 4128 (c.
241 4061 304 4130 1.)
315 4057 360 4118 Its
377 4055 599 4119 Demosthenem
617 4073 735 4134 puerum
753 4054 901 4116 admodum
920 4059 1051 4116 actiones
1069 4057 1161 4135 pupil-

79 4147 158 4208 lares
175 4143 307 4208 hahuisse
323 4143 437 4232 Quintil.
449 4144 502 4213 12,
514 4143 588 4212 6,1.
609 4141 766 4214 confirmat,
787 4141 829 4202 Cl.
838 4139 991 4203 Marcellus
1009 4140 1160 4202 admodum

79 4230 254 4312 adolescens
276 4239 412 4330 vocptur
421 4247 439 4292 ιι
465 4227 571 4307 Tacito
585 4224 694 4292 Annal.
722 4229 755 4298 1,
783 4229 827 4300 3.
849 4247 925 4290 cum
954 4247 1029 4286 anuo
1056 4228 1160 4288 aetatis

78 4307 215 4396 septimo
220 4315 332 4378 decimo
344 4294 501 4424 eptfletns
510 4294 559 4384 s'it.
581 4311 685 4378 eudem
700 4313 815 4374 nomine
832 4312 867 4372 L
887 4313 1009 4372 Crassus
1025 4310 1159 4392 designa

889 4409 947 4474 Aa
