2684 4990
382 457 385 470 ·
456 430 548 516 aar.
568 439 643 493 xm.
663 443 748 492 72»-
765 441 807 494 m.
1103 439 1168 502 aaa
1248 480 1252 490 ,

82 617 138 674 Bar.
159 615 296 694 Scriptor
314 613 350 674 ad
370 614 497 674 llerenn.
514 619 544 684 4,
563 615 613 684 25,
633 615 684 674 35.
702 615 846 672 Maiestas
862 609 1044 692 reapabb‘cae'
1063 621 1115 684 cst,
1133 613 1164 673 ia

82 721 135 780 pau
157 705 332 760 continetur
353 702 485 778 dignitas
507 709 539 758 et
558 701 719 777 amplitudo
742 696 879 757 acuitatis.
897 699 1001 769 uerbo,
1028 700 1087 756 etei
1101 701 1165 758 sinc

80 781 111 844 re
127 787 209 845 nulla
228 788 274 844 aas
292 785 379 844 uerbi
395 795 448 844 est.
469 788 585 844 Tamen.
608 781 764 842 Emendavi
782 784 1049 862 interpunctionem.
1069 783 1164 862 Vulgo
1212 807 1214 822 ¹
1274 855 1278 864 Ι
1319 815 1323 825 ,

81 873 117 929 ita
133 872 364 949 interpungitur:
384 870 491 930 aerbo:
520 871 578 930 etsi
590 871 655 928 stite
671 889 706 926 rc
724 870 807 928 nulla
823 871 868 926 aas
884 869 970 926 uerbi
984 878 1040 940 eat,
1069 877 1164 928 tamen

81 967 133 1014 etc.
161 955 223 1028 Qua
243 957 276 1014 in
300 955 485 1015 distinctione
508 948 590 1033 quum
608 972 698 1031 aegro
717 964 851 1012 careatur
868 954 1008 1031 particula
1027 956 1101 1012 enain
1116 956 1165 1032 ¹vel

80 1043 193 1112 etenim,
218 1040 320 1100 Lamb.
339 1052 370 1100 et
393 1041 509 1100 Schutz.
533 1040 709 1117 scripserunt
732 1041 789 1098 etsi
813 1039 888 1096 enim
908 1040 972 1098 sirm
994 1058 1040 1110 re,
1064 1037 1166 1118 Meye-

79 1145 123 1184 rus
149 1119 206 1185 etsi
230 1129 298 1186 sine
319 1123 358 1184 'rc
386 1128 461 1185 enam
487 1126 571 1184 nulla
598 1127 642 1183 ais
670 1134 771 1182 contra
798 1121 1109 1182 dicenteF1·etschero
1136 1146 1163 1203 p.

39 1217 41 1222 ’
80 1210 167 1282 xlv„
196 1213 249 1290 qui¹
269 1214 347 1270 enim
368 1211 415 1269 vel
437 1212 464 1270 in
488 1211 598 1286 vulgari
617 1210 848 1287 interpunctione
864 1207 969 1266 'abesse
987 1227 1074 1286 posse
1092 1209 1165 1267 iudi-

79 1307 135 1366 cat,
161 1316 246 1375 quem
271 1307 387 1356 secatus
406 1295 590 1357 est0relliut
609 1297 639 1352 2.
665 1293 755 1365 Male,
784 1293 891 1372 siquid
911 1295 1014 1352 sentio.
1058 1293 1165 1354 Eadem
1198 1304 1202 1315 ‘
1261 1333 1268 1350 .

81 1383 148 1439 ratio
166 1381 295 1441 ineunda
314 1392 358 1439 cst
375 1383 450 1438 inira
469 1399 494 1439 c.
513 1382 564 1450 64,
584 1381 656 1438 216.
674 1381 722 1438 Ne
738 1381 886 1457 spondens
903 1381 1015 1456 quidem
1025 1376 1166 1456 funditus

82 1477 122 1524 est
136 1469 354 1545 repudiandus,
374 1469 432 1525 etsi
448 1468 527 1544 qnod
543 1475 620 1524 eote
639 1466 737 1542 longis
754 1464 879 1544 duabus,
898 1464 1034 1522 hebetior
1047 1465 1166 1533 ardabur
1266 1525 1268 1532 ,

80 1561 110 1608 et
125 1554 251 1610 tardior.
270 1551 373 1611 Habet
388 1561 484 1610 tamen
503 1561 575 1621 etc,
603 1550 651 1609 ubi
669 1550 783 1627 vulgata
801 1549 994 1627 interpunctio
1010 1549 1083 1608 hacc
1102 1561 1162 1608 ast:
1221 1562 1229 1570 ·

81 1637 123 1693 Ne
139 1639 289 1715 spondeus
307 1639 422 1716 puidam
438 1670 482 1680 —-
496 1637 707 1714 repudiandus.
730 1637 798 1694 litei
813 1635 892 1712 quod
903 1667 946 1680 —-
960 1636 1165 1706 tardiorrba-

82 1721 129 1778 bct
143 1732 239 1781 tamen
264 1733 337 1791 etc„
366 1731 395 1780 et
413 1720 565 1802 Lambinus
582 1740 679 1779 rursus
697 1719 734 1778 ad
751 1719 820 1778 illud
838 1739 917 1778 suum
935 1721 1010 1778 enum
1027 1731 1092 1798 post
1110 1721 1169 1780 etri

80 1803 284 1867 interciendum
312 1808 491 1865 recurrebat.
546 1806 595 1864 Sic
618 1825 705 1884 porro
730 1804 957 1882 distinguendum
981 1805 1164 1864 estin-loco
1212 1857 1217 1874 ,

10 1947 14 1959 .
81 1891 158 1966 paulo
180 1892 358 1971 impeditiori
377 1912 403 1950 c.
423 1885 477 1963 32,
496 1893 567 1950 113.
594 1893 648 1950 sed
665 1893 752 1950 etiam
769 1893 894 1950 oz'cinam
913 1892 975 1948 eina
992 1901 1080 1967 atque
1088 1889 1164 1968 fini·

82 1977 180 2058 temam,
195 1979 589 2038 dialecn'eormnsoientiam
608 1995 767 2046 assumere,
796 1995 966 2053 quamquam
985 1977 1069 2034 abiud
1083 1978 1164 2034 mdc-

82 2069 125 2117 tur
145 2065 244 2122 oratio
273 2083 349 2134 esse,
378 2063 658 2140 alienandum,
686 2077 741 2120 nee
763 2063 837 2119 idem
860 2062 944 2140 loqui
960 2062 1039 2137 quod
1054 2062 1163 2120 dicere.
1208 2132 1211 2140 .

82 2147 215 2207 Attamen
226 2159 391 2226 ‘utinamque
409 2150 439 2206 in
459 2148 628 2206 disserenda
647 2156 699 2215 est,
718 2145 766 2204 ubi
784 2146 869 2222 vulgo
880 2147 921 2204 sic
935 2146 1160 2224 interpungitur:

83 2247 231 2318 anamma.
253 2236 432 2310 Quamquam
450 2267 490 2276 -·
510 2233 626 2303 de'c'ere‚·
646 2241 775 2288 attamen
794 2241 851 2288 etc.

8 2357 9 2360 =
160 2329 315 2395 quatenus.
343 2319 471 2394 fungitur
488 2315 627 2374 hocloco
645 2315 709 2372 vice
728 2314 909 2374 substantivi:
931 2314 981 2375 das
998 2316 1068 2374 wie
1085 2317 1161 2388 weit,

82 2409 108 2456 ut
124 2402 196 2480 apud
215 2403 279 2462 Cic.
298 2401 390 2462 Acad.
410 2405 442 2474 2,
457 2404 526 2472 29,
539 2402 591 2462 92.
609 2419 707 2460 rerum
725 2410 834 2460 natura
851 2401 963 2459 nullum
979 2401 1064 2460 nobie
1082 2404 1167 2462 dedit

82 2491 276 2562 cognitionem
293 2489 416 2566 finiam,
443 2497 479 2546 ut
497 2487 560 2546 ulla
583 2489 614 2546 in
636 2506 670 2545 rc
692 2495 825 2544 statuere
843 2488 987 2564 possemus
1010 2497 1162 2564 quatenns.

81 2572 150 2632 toni.
170 2573 206 2632 le
226 2573 308 2632 Orat.
328 2576 357 2644 2,
378 2575 427 2644 59,
447 2574 519 2632 239.
540 2645 544 2648 ,
636 2603 639 2608 ·

8 2697 9 2700 =
160 2659 184 2734 ἓ.
204 2660 258 2720 73.
277 2661 409 2736 Apelles.
428 2659 462 2716 ls
482 2659 557 2717 enim
581 2657 617 2716 de
640 2668 702 2716 arte
725 2668 882 2736 praecepta
905 2659 1013 2737 scripto
1035 2656 1163 2717 tradide—

82 2748 129 2798 rat.
147 2741 218 2802 Piin.
238 2744 275 2803 H.
294 2743 336 2802 Ν.
350 2745 401 2815 35,
420 2745 471 2816 36,
490 2746 540 2802 10.
559 2765 586 2824 p.
605 2745 656 2802 20.
675 2743 800 2802 Tauchn.
823 2746 961 2803 Pietaroe
974 2745 1067 2822 plara
1083 2745 1163 2803 soba

8 2865 9 2868 =
79 2842 175 2904 prope,
194 2850 283 2908 quam
302 2833 510 2888 cenomanen
527 2831 660 2900 eontulit,
675 2829 868 2888 uoluminibus
878 2831 965 2888 etiam
976 2830 1078 2899 editius
1088 2847 1162 2906 qnae

8 2949 9 2952 ¹
84 2909 238 2974 doctrinam
264 2935 327 2974 eam
350 2911 511 2974 mannent.
564 2913 730 2993 Scripserat
751 2923 851 2986 autem
868 2913 904 2972 3ο
927 2923 989 2972 arte
1012 2915 1059 2972 illa
1081 2915 1162 2994 volu-

83 2994 151 3055 mina
168 2999 204 3058 ad
222 2999 557 3078 Perseumdiscipulum,
574 2999 633 3058 vid.
651 2998 757 3056 ibidem
776 2997 802 3074 ξ.
821 2999 871 3056 23.
890 3019 917 3076 p.
936 3000 986 3057 28.
1004 3000 1128 3058 Multum
1143 3019 1162 3058 a
1202 3059 1204 3072 ,

83 3079 208 3143 Zeuoide
235 3095 269 3144 et
291 3086 401 3162 Apelle
428 3085 515 3142 abest
532 3086 651 3162 Apellei
673 3085 831 3160 descipuluo
852 3086 989 3154 Perseus,
1017 3085 1058 3142 ad
1079 3103 1161 3161 quem

84 3163 114 3219 de
134 3167 189 3228 bae
212 3181 280 3230 arte
301 3157 509 3248 scripsitffvid.
533 3169 566 3227 C.
590 3168 624 3227 0.
646 3166 778 3226 Mueller.
800 3165 956 3226 Archaeol.
980 3168 1006 3244 §-
1025 3169 1076 3227 35.
1093 3167 1160 3228 'adm

84 3248 109 3302 1·
130 3271 157 3328 p.
175 3257 226 3314 18.
252 3254 297 3314 cd.
322 3275 381 3314 sec.
406 3255 555 3313 Tbiersch.
578 3253 716 3333 Epochen
739 3251 794 3312 der·
813 3251 967 3312 bildendan
991 3253 1028 3312 K.
1047 3257 1075 3315 1.
1094 3251 1159 3312 adn.

84 3331 108 3388 b·
126 3335 170 3396 ed.
188 3360 233 3418 pr.
253 3361 281 3419 p.
301 3343 329 3399 l.
349 3339 572 3400 adnotationum.

389 3552 392 3564 ,
510 3447 604 3554 cras
625 3453 770 3570 xxi1.·;

158 3597 289 3675 Magnus
309 3602 408 3672 [essct]
430 3601 510 3657 locas
531 3600 613 3673 [bio]
637 3597 706 3656 Ean.
726 3607 761 3656 'et
779 3597 896 3656 Schutz.
918 3599 948 3654 2.
971 3607 1037 3675 post
1058 3593 1160 3655 Aldum

84 3669 226 3740 etiterum
253 3693 299 3741 eat
320 3703 373 3761 pro
401 3693 489 3756 esset,
517 3685 584 3762 quia
606 3694 741 3762 sequatur
762 3685 922 3742 deciderat.
950 3679 989 3739 Et
1009 3681 1053 3740 sic
1074 3681 1161 3741 habet

86 3754 236 3836 Strabaens
253 3769 283 3826 in
296 3767 472 3828 ‚Commentt
491 3769 567 3828 Man.
588 3779 618 3828 et
634 3788 694 3828 var.
714 3769 792 3826 lectt.
811 3766 1085 3846 aputflernginm.
1113 3767 1160 3826 Si-

85 3843 181 3908 militer
202 3852 249 3911 rr.
273 3850 380 3932 Gr'yph.
403 3857 433 3911 2.
457 3864 502 3912 est
518 3865 550 3912 et
566 3857 647 3913 boens
664 3855 726 3923 lic,
753 3849 806 3910 scd
821 3863 853 3910 ct
871 3853 963 3910 locum
982 3851 1089 3910 habere
1108 3870 1158 3910 nc·

85 3939 129 3999 gat
144 3931 212 3994 Er‘n.
231 3936 305 3996 Dein
323 3937 402 3995 Eius.
423 3937 474 3996 Gn.
494 3941 523 3996 1.
542 3941 572 4002 2.
592 3949 622 3996 ct
639 3938 688 3995 alii
707 3936 771 3994 libri
791 3939 904 4016 scripti,
928 3957 965 3998 ex
983 3936 1068 4015 editis
1085 3935 1158 3994 Nor.

87 4006 151 4108 itti·
162 4021 250 4102 ¹Crat.
269 4021 376 4082 hahent
394 4033 482 4094 esset,
493 4039 497 4044 '
510 4022 596 4102 idque
615 4021 650 4080 ab
670 4021 849 4100 Heusinger-o
870 4023 1020 4083 Schutzius
1038 4021 1159 4080 adnota-

86 4105 121 4153 ut
137 4100 250 4166 defendi
268 4109 323 4168 hoc
341 4128 441 4168 sensu:
466 4127 589 4186 mugnus
607 4117 682 4166 essct
700 4103 858 4179 locusbic,
877 4111 937 4168 nui
952 4109 1036 4166 ab'ad
1051 4099 1158 4183 apere·

87 4195 150 4242 mea.
166 4187 263 4251 Lamb.
281 4213 405 4273 magnus
423 4202 501 4252 erret
515 4194 564 4252 bic
581 4195 671 4252 locus.
688 4191 735 4252 Α3
754 4191 961 4253 defendendum
981 4201 1026 4250 est
1037 4189 1158 4250 Beierus
1255 4235 1258 4246 .

87 4259 131 4324 ¹¹⁰8
148 4271 225 4336 locas
243 4277 411 4359 adscripsit:
439 4277 477 4338 do
496 4277 575 4338 Orat.
594 4281 627 4348 2,,
646 4278 705 4349 27,
724 4279 887 4340 tta-mit.
906 4281 938 4337 2.
956 4296 1020 4356 cap.
1039 4278 1089 4334 11.
1108 4275 1155 4336 fin.

889 4375 945 4440 M*
