2710 4996
284 460 377 514 ὒΑΡ.
394 459 480 514 tvm
497 459 659 513 tet-tes
681 484 715 534 ᾖ·
741 459 836 517 CAP.
854 461 951 516 [Nili.
1063 461 1150 528 ’587

69 632 219 711 pesaere‘be‘
243 632 394 712 oportere,
421 631 536 694 adiecto
564 632 607 693 de'
626 651 677 692 suo
705 633 795 693 verbo
822 646 969 712 oportere.
1015 637 1151 698 Ceterum

73 718 145 778 idem
172 737 207 777 ae
236 717 340 779 Cicero
367 722 455 779 sentit
482 719 597 794 Quintil.
624 721 659 792 9,
685 723 720 790 1,
748 720 798 779 87.
834 720 917 788 Coni.
949 723 985 782 de
1012 723 1091 783 Oret.
1118 727 1149 796 3,

72 805 125 877 47,
144 805 275 949 1osoissei‘e's.N
301 889 348 949 Se.
372 887 416 961 id,
439 888 515 968 quod
536 889 617 948 nimie
641 899 685 948 est
706 891 829 948 vinetum
853 901 884 950 et
904 895 1028 970 poemati
1046 896 1150 956 simite.

72 975 230 1035 Converte:
259 993 292 1034 so
315 975 379 1034 dees
403 993 465 1034 man
489 993 520 1034 os
547 975 731 1034 tibertrieben
755 974 852 1036 findet.
892 975 958 1036 Vid.
983 997 1059 1058 supr.
1082 981 1147 1039 adn.
1256 992 1259 1000 “

71 1060 105 1119 ad
123 1079 147 1120 c.
167 1065 196 1132 8,
216 1061 269 1121 21).
305 1060 454 1119 Consentit
473 1059 639 1120 Sehutzius:
668 1070 729 1132 „ut
748 1061 786 1119 ei
810 1061 904 1120 attero
928 1081 968 1121 se.
992 1066 1072 1124 nimis
1091 1067 1149 1125 dis·

70 1147 159 1205 soiuto
177 1166 239 1208 noo
258 1147 417 1218 delectere,
442 1149 566 1206 alterum
584 1163 625 1205 so.
644 1145 726 1204 nimis
747 1147 871 1205 vinetum
895 1159 925 1210 et
948 1147 1023 1228 quod
1046 1149 1081 1210 de
1105 1153 1148 1209 in-

70 1231 173 1292 dustria
191 1233 298 1291 iactum
317 1241 466 1310 appareat,
490 1233 588 1290 odaei
606 1232 625 1290 i.
645 1251 672 1290 e.
694 1229 792 1290 taedio
815 1249 851 1292 ex
873 1233 1007 1292 odeotata
1030 1237 1150 1296 senoin-

70 1319 154 1378 nitato
173 1318 344 1376 afficiaris.“
378 1317 532 1376 Aberrasit
549 1337 566 1376 a
584 1335 668 1376 senen
688 1316 824 1376 Goereaz
843 1317 880 1376 ad
906 1315 968 1382 Cic.
986 1315 1047 1378 Fin.
1066 1313 1098 1387 Β.
1118 1333 1149 1380 et

68 1401 105 1460 M.
124 1405 152 1475 1,
173 1404 201 1474 5,
222 1405 274 1461 14.
301 1423 328 1481 p.
353 1404 420 1461 19.
447 1405 487 1467 itn
513 1398 730 1480 interpretatus:
760 1423 793 1462 so
820 1402 886 1465 dass
913 1425 976 1464 man
1004 1405 1065 1464 oieb
1091 1426 1148 1468 von

70 1487 165 1548 Seiten
176 1487 228 1547 des
240 1490 324 1547 einen
335 1487 414 1548 nicht
429 1488 616 1560 unterhaiten,
628 1487 717 1556 durch
732 1487 787 1546 den
803 1487 910 1548 andern
925 1489 989 1550 obet
1004 1491 1150 1568 gestimmt

68 1573 149 1645 iithit,
175 1573 302 1632 addens:
332 1574 368 1632 ob
393 1575 503 1644 altero,
530 1583 678 1651 poemate,
709 1575 847 1643 alterum,
875 1575 950 1652 voigi
975 1595 1145 1636 sermonem.
1175 1589 1181 1624 ³

69 1658 140 1717 Imo:
166 1681 198 1718 so
223 1657 289 1717 dass
311 1679 374 1716 man
396 1679 452 1718 von
476 1658 575 1717 Seiten
596 1657 646 1717 des
665 1655 763 1729 einen,
788 1652 852 1729 des,
871 1657 925 1717 wie
945 1658 991 1719 die
1010 1661 1147 1738 gentihu-

67 1743 140 1802 iiehe
160 1744 307 1824 Spraohe,
330 1744 544 1821 haltungsiosen
563 1742 747 1802 Ansdruekes
765 1744 832 1802 kein
850 1743 1028 1824 Vergntigen
1047 1745 1144 1818 findet,

68 1829 121 1888 oud
139 1829 190 1890 des
208 1829 332 1901 endere,
358 1831 496 1902 weiebes,
524 1829 559 1888 dn
582 1847 614 1886 es
637 1829 726 1888 Prona
744 1828 863 1908 ¹iiioiien
886 1831 984 1902 sollte,
1012 1832 1068 1890 iast
1089 1833 1144 1890 wie
1178 1883 1186 1894 .

67 1913 156 1974 Vorse
176 1915 279 1985 lautet,
303 1915 487 1976 itbortrieben
507 1914 602 1972 findet.
641 1915 741 1974 Odisse
760 1929 825 1972 esse
844 1913 973 1976 fastidire
986 1911 1098 1996 'aliquid
1115 1927 1147 1976 ut

67 2000 203 2076 putidum,
223 2022 280 2060 non
298 2012 329 2059 ut
347 2001 488 2060 excultum
507 2019 616 2068 amare,
637 2010 733 2057 notum
752 2009 804 2058 est.

148 2085 259 2170 5.,196.
273 2089 416 2164 permisto
430 2096 462 2144 et
474 2094 635 2162 temperato
649 2085 785 2142 eeumere'e.
809 2079 915 2143 Schutz
929 2083 966 2146 de
980 2106 1031 2144 suo
1047 2083 1141 2146 dedit:
1256 2095 1262 2106 “

62 2175 203 2246 pennosta
226 2181 259 2229 et
279 2173 429 2250 implicato
452 2172 588 2228 roumere'e.
623 2165 715 2240 „Sio,
738 2169 791 2240 ait,
816 2167 920 2228 Cicero
939 2191 1024 2249 supra
1047 2192 1073 2232 o.
1093 2175 1146 2245 55,

66 2255 135 2314 187.
155 2253 301 2316 dixerat.“
338 2251 397 2314 Sed
415 2253 491 2314 conf.
511 2254 537 2330 5.
557 2255 627 2315 195.
648 2253 814 2330 poenotens
836 2263 868 2312 et
887 2249 1024 2332 confusos
1046 2277 1072 2315 o.
1093 2259 1142 2330 58,

66 2341 134 2402 197.
158 2363 203 2421 pr.
227 2339 289 2399 Bur.
324 2339 476 2419 Vulgatam
504 2339 632 2398 retinens
657 2338 850 2416 interpretor:
879 2339 907 2396 in
936 2339 1065 2398 Hinsicht
1091 2341 1143 2402 des

66 2423 220 2506 Rhythmus
247 2427 283 2484 im
311 2425 473 2504 gehtirigen
500 2421 593 2484 Grato
625 2421 698 2482 auch
728 2423 777 2480 mit
804 2419 859 2482 den
887 2423 1008 2502 iibrigen
1035 2425 1144 2496 Fiisseu
1222 2487 1226 2502 .

65 2512 214 2588 gemiscit.
250 2509 317 2570 Non
344 2529 463 2569 neeesse
491 2519 567 2580 erat,
598 2519 628 2566 ut
654 2518 756 2566 auctor
783 2507 844 2587 ipsa
870 2509 958 2568 verba
984 2521 1141 2590 repeteret,

65 2597 163 2674 quihus
190 2597 246 2654 aiio
274 2596 339 2656 ioco
367 2617 432 2656 usus
460 2606 530 2654 erat.
571 2591 665 2672 Atque
692 2595 813 2653 mz‘scere
840 2605 870 2652 et
896 2605 1060 2672 temperare
1085 2608 1142 2657 tam

64 2683 180 2740 solenne
200 2691 245 2741 est
263 2684 410 2761 componi,
429 2692 459 2740 nt
478 2679 556 2760 quasi
574 2699 624 2738 sua
642 2690 744 2758 sponte
763 2679 899 2738 calamum
918 2679 1046 2752 subeant,
1066 2683 1143 2741 velut

63 2769 158 2844 paucis
181 2767 310 2828 versibus
332 2769 411 2837 hinc,
435 2765 518 2825 etde
538 2765 621 2823 omn.
640 2765 670 2836 3,
689 2766 739 2837 33,
758 2765 829 2824 119.
849 2775 905 2824 ete.
941 2763 1000 2825 Sed
1019 2767 1141 2826 nondum
1255 2837 1266 2846 „

65 2871 121 2912 rem
153 2855 352 2931 transegimus.
398 2851 497 2912 Orellii
528 2851 601 2909 haec
623 2843 720 2908 ‘verba
750 2860 835 2908 suut:
877 2850 980 2921 „Sene
1013 2850 1141 2912 Schntzii

66 2939 229 2998 coniectura
240 2940 314 2996 omni
326 2947 406 2996 earet
420 2935 632 3015 probabilitate.
659 2934 810 2992 Molestum
826 2945 919 2992 tamen
936 2943 979 2992 est
989 2939 1140 3012 permotum

65 3033 94 3080 et
110 3033 272 3104 temperato
285 3057 327 3067 —
340 3024 463 3099 reliquis
481 3024 568 3080 etiem
585 3022 714 3078 numeris
727 3051 765 3061 -
783 3029 953 3096 temperato.
991 3019 1041 3077 stc
1055 3022 1146 3079 etiam·

63 3105 138 3168 Eius.
176 3108 235 3169 Sed
262 3109 317 3166 hoc
344 3107 468 3165 ultimum
496 3115 658 3186 corruptum
684 3098 811 3174 videtur,
839 3123 920 3180 quum
949 3103 1007 3161 Vit.
1034 3105 1139 3164 habent
1250 3157 1256 3164 .

64 3205 240 3272 comparatu.
277 3194 335 3252 Iam
354 3211 435 3270 quum
454 3193 547 3250 stetim
566 3199 700 3268 sequatur
713 3201 867 3266 purpurae
884 3188 1049 3268 similitudo,
1073 3189 1138 3249 vide

64 3295 97 3336 ne
121 3279 147 3338 in
171 3289 343 3358 comparato
366 3279 453 3336 lateat
475 3275 623 3346 colorato,
651 3281 681 3332 ut
699 3274 725 3350 5.
743 3277 794 3332 42.
823 3273 991 3351 eloquentia
1017 3277 1080 3352 ipso
1106 3293 1138 3334 se

64 3363 185 3424 colorat.
220 3365 316 3424 Malim
338 3374 467 3421 temene
490 3362 515 3438 ἕ.
536 3363 617 3434 199.Ι
631 3363 796 3419 terremotu.
834 3359 986 3436 Utriusque
1007 3353 1138 3421 incubuit

64 3457 91 3504 et
118 3459 279 3530 temperato
302 3459 331 3508 et
354 3450 511 3507 terminato
535 3443 729 3524 compendium
752 3443 837 3503 vaide
853 3445 944 3503 simile
963 3455 1007 3503 est
1024 3445 1051 3503 io
1072 3445 1136 3504 cod.

62 3530 159 3593 eines
197 3538 340 3596 Colnrore
358 3533 394 3592 de
413 3535 544 3592 oratione
563 3529 666 3590 dictum
686 3529 752 3609 quid
769 3530 815 3602 sii,
834 3549 885 3589 sno
904 3531 969 3588 ioco
990 3529 1037 3602 (ad
1049 3549 1074 3588 c.
1086 3532 1136 3602 12,

61 3619 121 3692 42.)
143 3620 246 3678 dictum
266 3631 318 3680 est.
354 3617 386 3678 ld
405 3639 485 3698 quam
504 3619 623 3677 maxime
644 3627 688 3676 est
706 3616 741 3674 ab
760 3615 814 3675 hoo
833 3615 898 3674 ioco
917 3616 1048 3673 alienum.
1075 3617 1136 3674 Ne·

63 3722 114 3780 quo
132 3706 205 3763 teies
223 3706 410 3782 repetitiones
428 3715 589 3775 auctorem,
613 3703 667 3762 hoc
686 3702 852 3780 praesertim
875 3702 904 3756 in
922 3700 1010 3770 tisro,
1033 3701 1134 3779 ingere

62 3789 196 3866 exemplis
223 3799 266 3846 sat
292 3791 397 3860 nnius,
426 3793 542 3867 opinor,
569 3789 597 3846 in
620 3786 683 3846 adn.
707 3785 742 3845 nd
766 3805 791 3844 o.
809 3785 865 3854 27,
884 3785 935 3842 91.
960 3782 1135 3846 domonstra-

61 3881 115 3929 tum
135 3884 187 3930 est.

490 3991 573 4050 Car.
600 3987 704 4048 LVlli.

145 4115 222 4188 (ines
244 4121 339 4170 eutero
360 4129 505 4199 (sumeres.
553 4107 734 4166 Constructio
759 4107 830 4166 haec
854 4119 918 4166 est:
947 4125 1016 4191 quos
1039 4117 1132 4166 autem

62 4213 198 4267 numeros,
218 4209 348 4275 tanquam
362 4211 522 4273 purpuram,
541 4211 603 4251 eum
618 4192 717 4270 quibus
731 4193 999 4272 miscerioporteat.
1033 4191 1132 4251 Manu-

61 4279 113 4338 tius
131 4284 158 4344 in
172 4283 313 4357 Quaesitis
331 4297 384 4358 per
402 4281 497 4357 epistt.
517 4280 563 4350 (iu
579 4277 780 4392 Giffiiiiiiffm
800 4279 868 4440 erip}
878 4279 947 4438 li'pi
961 4282 1004 4350 .4·)
1021 4297 1050 4356 P·
1060 4278 1131 4337 278.
