<?xml version="1.0" encoding="UTF-8"?>
<!DOCTYPE html PUBLIC "-//W3C//DTD XHTML 1.0 Transitional//EN"
    "http://www.w3.org/TR/xhtml1/DTD/xhtml1-transitional.dtd">
<html xmlns="http://www.w3.org/1999/xhtml" xml:lang="en" lang="en">
 <head>
  <title>
</title>
<meta http-equiv="Content-Type" content="text/html;charset=utf-8" />
  <meta name='ocr-system' content='tesseract 3.04.00' />
  <meta name='ocr-capabilities' content='ocr_page ocr_carea ocr_par ocr_line ocrx_word'/>
</head>
<body>
  <div class='ocr_page' id='page_1' title='image "./mtulliiciceroni93cicegoog/mtulliiciceroni93cicegoog_0174.png"; bbox 0 0 2678 4974; ppageno 0'>
   <div class='ocr_carea' id='block_1_1' title="bbox 457 477 1133 540">
    <p class='ocr_par' dir='ltr' id='par_1_1' title="bbox 457 477 1133 540">
     <span class='ocr_line' id='line_1_1' title="bbox 457 477 1133 540; baseline 0.003 -11"><span class='ocrx_word' id='word_1_1' title='bbox 457 477 551 530; x_wconf 77' lang='lat' dir='ltr'><em>CAP.</em></span> <span class='ocrx_word' id='word_1_2' title='bbox 579 477 654 532; x_wconf 80' lang='lat' dir='ltr'><em>xlv.</em></span> <span class='ocrx_word' id='word_1_3' title='bbox 685 481 728 530; x_wconf 75' lang='lat' dir='ltr'><em>tu.</em></span> <span class='ocrx_word' id='word_1_4' title='bbox 1070 479 1133 540; x_wconf 69' lang='grc'><strong>145</strong></span> 
     </span>
    </p>
   </div>
   <div class='ocr_carea' id='block_1_2' title="bbox 12 641 1157 3280">
    <p class='ocr_par' dir='ltr' id='par_1_2' title="bbox 12 641 1157 3280">
     <span class='ocr_line' id='line_1_2' title="bbox 75 641 1133 730; baseline 0 -22"><span class='ocrx_word' id='word_1_5' title='bbox 75 667 103 708; x_wconf 87' lang='lat' dir='ltr'><em>ea</em></span> <span class='ocrx_word' id='word_1_6' title='bbox 126 667 197 708; x_wconf 82' lang='lat' dir='ltr'><em>usum</em></span> <span class='ocrx_word' id='word_1_7' title='bbox 224 654 302 720; x_wconf 70' lang='lat' dir='ltr'><em>esse,</em></span> <span class='ocrx_word' id='word_1_8' title='bbox 329 649 377 708; x_wconf 81' lang='lat' dir='ltr'><em>u&#39;ei</em></span> <span class='ocrx_word' id='word_1_9' title='bbox 404 649 468 709; x_wconf 88' lang='lat' dir='ltr'><em>hinc</em></span> <span class='ocrx_word' id='word_1_10' title='bbox 491 662 624 728; x_wconf 84' lang='lat' dir='ltr'><em>apparet,</em></span> <span class='ocrx_word' id='word_1_11' title='bbox 653 649 727 730; x_wconf 87' lang='lat' dir='ltr'><em>quoti</em></span> <span class='ocrx_word' id='word_1_12' title='bbox 749 647 936 710; x_wconf 66' lang='lat' dir='ltr'><em>Aristotelem</em></span> <span class='ocrx_word' id='word_1_13' title='bbox 961 651 1046 730; x_wconf 79' lang='lat' dir='ltr'><em>patrio</em></span> <span class='ocrx_word' id='word_1_14' title='bbox 1068 641 1133 710; x_wconf 78' lang='lat' dir='ltr'><em>:iate</em></span> 
     </span>
     <span class='ocr_line' id='line_1_3' title="bbox 73 734 1134 814; baseline 0.004 -22"><span class='ocrx_word' id='word_1_15' title='bbox 73 734 172 812; x_wconf 76' lang='lat' dir='ltr'><strong>scripsit</strong></span> <span class='ocrx_word' id='word_1_16' title='bbox 193 734 392 795; x_wconf 81' lang='lat' dir='ltr'><em>adoiesceotes</em></span> <span class='ocrx_word' id='word_1_17' title='bbox 414 755 469 812; x_wconf 91' lang='lat' dir='ltr'><em>per</em></span> <span class='ocrx_word' id='word_1_18' title='bbox 488 737 583 794; x_wconf 85' lang='lat' dir='ltr'><em>thesio</em></span> <span class='ocrx_word' id='word_1_19' title='bbox 605 734 641 793; x_wconf 81' lang='lat' dir='ltr'><em>aci</em></span> <span class='ocrx_word' id='word_1_20' title='bbox 664 737 774 814; x_wconf 82' lang='lat' dir='ltr'><em>copiam</em></span> <span class='ocrx_word' id='word_1_21' title='bbox 793 737 951 808; x_wconf 74' lang='lat' dir='ltr'><strong>rhetorum,</strong></span> <span class='ocrx_word' id='word_1_22' title='bbox 976 741 1007 796; x_wconf 84' lang='lat' dir='ltr'><em>io</em></span> <span class='ocrx_word' id='word_1_23' title='bbox 1025 747 1134 796; x_wconf 78' lang='lat' dir='ltr'><em>ramum·</em></span> 
     </span>
     <span class='ocr_line' id='line_1_4' title="bbox 69 819 1135 898; baseline 0.002 -20"><span class='ocrx_word' id='word_1_24' title='bbox 69 839 118 895; x_wconf 86' lang='lat' dir='ltr'><em>que</em></span> <span class='ocrx_word' id='word_1_25' title='bbox 129 829 243 895; x_wconf 83' lang='lat' dir='ltr'><em>pectem</em></span> <span class='ocrx_word' id='word_1_26' title='bbox 260 831 291 878; x_wconf 91' lang='lat' dir='ltr'><em>ut</em></span> <span class='ocrx_word' id='word_1_27' title='bbox 309 820 436 878; x_wconf 83' lang='lat' dir='ltr'><em>ornatius</em></span> <span class='ocrx_word' id='word_1_28' title='bbox 454 831 483 879; x_wconf 90' lang='lat' dir='ltr'><em>et</em></span> <span class='ocrx_word' id='word_1_29' title='bbox 500 820 615 878; x_wconf 84' lang='lat' dir='ltr'><em>uberius</em></span> <span class='ocrx_word' id='word_1_30' title='bbox 634 819 690 878; x_wconf 83' lang='lat' dir='ltr'><em>ciiei</em></span> <span class='ocrx_word' id='word_1_31' title='bbox 709 831 820 898; x_wconf 87' lang='lat' dir='ltr'><em>posset,</em></span> <span class='ocrx_word' id='word_1_32' title='bbox 840 823 1016 880; x_wconf 80' lang='lat' dir='ltr'><em>exercuisse.</em></span> <span class='ocrx_word' id='word_1_33' title='bbox 1052 821 1135 894; x_wconf 80' lang='lat' dir='ltr'><em>Quod</em></span> 
     </span>
     <span class='ocr_line' id='line_1_5' title="bbox 72 903 1133 982; baseline 0.001 -20"><span class='ocrx_word' id='word_1_34' title='bbox 72 903 184 980; x_wconf 87' lang='lat' dir='ltr'><em>quisine</em></span> <span class='ocrx_word' id='word_1_35' title='bbox 201 923 295 962; x_wconf 87' lang='lat' dir='ltr'><em>rerum</em></span> <span class='ocrx_word' id='word_1_36' title='bbox 315 906 527 982; x_wconf 84' lang='lat' dir='ltr'><em>comparatione</em></span> <span class='ocrx_word' id='word_1_37' title='bbox 546 906 648 963; x_wconf 84' lang='lat' dir='ltr'><em>{ieret&#39;t</em></span> <span class='ocrx_word' id='word_1_38' title='bbox 694 903 765 964; x_wconf 85' lang='lat' dir='ltr'><em>iiiuc</em></span> <span class='ocrx_word' id='word_1_39' title='bbox 785 916 830 964; x_wconf 88' lang='lat' dir='ltr'><em>est</em></span> <span class='ocrx_word' id='word_1_40' title='bbox 847 908 945 972; x_wconf 83' lang='lat' dir='ltr'><em>etiam,</em></span> <span class='ocrx_word' id='word_1_41' title='bbox 969 917 1000 965; x_wconf 87' lang='lat' dir='ltr'><em>ut</em></span> <span class='ocrx_word' id='word_1_42' title='bbox 1018 907 1133 980; x_wconf 76' lang='lat' dir='ltr'><em>Quintil.</em></span> 
     </span>
     <span class='ocr_line' id='line_1_6' title="bbox 72 988 1136 1068; baseline 0.002 -22"><span class='ocrx_word' id='word_1_43' title='bbox 72 990 98 1058; x_wconf 89' lang='grc'><em>3,</em></span> <span class='ocrx_word' id='word_1_44' title='bbox 116 991 145 1059; x_wconf 92' lang='grc'><strong>5,</strong></span> <span class='ocrx_word' id='word_1_45' title='bbox 164 991 191 1048; x_wconf 89' lang='grc'><em>5.</em></span> <span class='ocrx_word' id='word_1_46' title='bbox 215 990 373 1048; x_wconf 76' lang='lat' dir='ltr'>scriberet:</span> <span class='ocrx_word' id='word_1_47' title='bbox 418 990 555 1067; x_wconf 79' lang='lat' dir='ltr'><em>Infinita:</em></span> <span class='ocrx_word' id='word_1_48' title='bbox 579 988 786 1068; x_wconf 74' lang='lat' dir='ltr'><strong>(quaestiones)</strong></span> <span class='ocrx_word' id='word_1_49' title='bbox 809 1002 891 1060; x_wconf 85' lang='lat' dir='ltr'><em>sant,</em></span> <span class='ocrx_word' id='word_1_50' title='bbox 919 1011 993 1068; x_wconf 75' lang='lat' dir='ltr'><em>pauc</em></span> <span class='ocrx_word' id='word_1_51' title='bbox 1016 995 1136 1050; x_wconf 75' lang='lat' dir='ltr'><em>remouit</em></span> 
     </span>
     <span class='ocr_line' id='line_1_7' title="bbox 67 1075 1136 1153; baseline 0.004 -22"><span class='ocrx_word' id='word_1_52' title='bbox 67 1077 189 1150; x_wconf 87' lang='lat' dir='ltr'><em>personis</em></span> <span class='ocrx_word' id='word_1_53' title='bbox 206 1085 239 1132; x_wconf 87' lang='lat' dir='ltr'><em>et</em></span> <span class='ocrx_word' id='word_1_54' title='bbox 255 1075 431 1152; x_wconf 72' lang='lat' dir='ltr'><em>temporibus</em></span> <span class='ocrx_word' id='word_1_55' title='bbox 453 1086 486 1132; x_wconf 84' lang='lat' dir='ltr'><em>ct</em></span> <span class='ocrx_word' id='word_1_56' title='bbox 505 1077 577 1134; x_wconf 82' lang='lat' dir='ltr'><em>loeis</em></span> <span class='ocrx_word' id='word_1_57' title='bbox 599 1079 761 1153; x_wconf 70' lang='lat' dir='ltr'><em>cetercbque</em></span> <span class='ocrx_word' id='word_1_58' title='bbox 783 1077 925 1134; x_wconf 75' lang='lat' dir='ltr'><em>similibus</em></span> <span class='ocrx_word' id='word_1_59' title='bbox 947 1079 982 1133; x_wconf 87' lang='lat' dir='ltr'><em>io</em></span> <span class='ocrx_word' id='word_1_60' title='bbox 1005 1088 1136 1135; x_wconf 84' lang='lat' dir='ltr'><em>otram·</em></span> 
     </span>
     <span class='ocr_line' id='line_1_8' title="bbox 72 1163 1135 1237; baseline 0.002 -21"><span class='ocrx_word' id='word_1_61' title='bbox 72 1177 124 1234; x_wconf 86' lang='lat' dir='ltr'><em>que</em></span> <span class='ocrx_word' id='word_1_62' title='bbox 147 1170 287 1235; x_wconf 86' lang='lat' dir='ltr'><em>partem</em></span> <span class='ocrx_word' id='word_1_63' title='bbox 321 1169 501 1230; x_wconf 74' lang='lat' dir='ltr'><em>tractantur,</em></span> <span class='ocrx_word' id='word_1_64' title='bbox 535 1163 613 1237; x_wconf 87' lang='lat' dir='ltr'><em>quod</em></span> <span class='ocrx_word' id='word_1_65' title='bbox 640 1163 749 1218; x_wconf 86' lang='lat' dir='ltr'><em>Graeci</em></span> <span class='ocrx_word' id='word_1_66' title='bbox 771 1164 853 1222; x_wconf 72' lang='lat' dir='ltr'><em>biom</em></span> <span class='ocrx_word' id='word_1_67' title='bbox 880 1163 997 1232; x_wconf 82' lang='lat' dir='ltr'><em>dicuat,-</em></span> <span class='ocrx_word' id='word_1_68' title='bbox 1030 1164 1135 1220; x_wconf 77' lang='lat' dir='ltr'><em>Gz&#39;cero</em></span> 
     </span>
     <span class='ocr_line' id='line_1_9' title="bbox 73 1235 1139 1323; baseline 0.005 -24"><span class='ocrx_word' id='word_1_69' title='bbox 73 1243 168 1320; x_wconf 78' lang='lat' dir='ltr'><em>(inpio.</em></span> <span class='ocrx_word' id='word_1_70' title='bbox 187 1247 242 1315; x_wconf 84' lang='grc'><strong>21,</strong></span> <span class='ocrx_word' id='word_1_71' title='bbox 262 1245 311 1303; x_wconf 95' lang='grc'><em>79.</em></span> <span class='ocrx_word' id='word_1_72' title='bbox 316 1259 326 1312; x_wconf 79' lang='lat' dir='ltr'><em>t</em></span> <span class='ocrx_word' id='word_1_73' title='bbox 337 1235 545 1322; x_wconf 65' lang='lat' dir='ltr'><em>&#39;propositum</em></span> <span class='ocrx_word' id='word_1_74' title='bbox 572 1247 631 1304; x_wconf 84' lang='lat' dir='ltr'><em>ulii</em></span> <span class='ocrx_word' id='word_1_75' title='bbox 649 1249 834 1323; x_wconf 78' lang='lat' dir='ltr'><em>quaestiones</em></span> <span class='ocrx_word' id='word_1_76' title='bbox 852 1247 1053 1317; x_wconf 69' lang='lat' dir='ltr'><em>pomeraniae,-</em></span> <span class='ocrx_word' id='word_1_77' title='bbox 1082 1249 1139 1304; x_wconf 85' lang='lat' dir='ltr'><em>ab&#39;i</em></span> 
     </span>
     <span class='ocr_line' id='line_1_10' title="bbox 71 1327 1134 1408; baseline 0 -22"><span class='ocrx_word' id='word_1_78' title='bbox 71 1327 242 1404; x_wconf 77' lang='lat' dir='ltr'><em>quaestiones</em></span> <span class='ocrx_word' id='word_1_79' title='bbox 256 1331 432 1408; x_wconf 84' lang='lat' dir='ltr'><em>pbilosopbo</em></span> <span class='ocrx_word' id='word_1_80' title='bbox 447 1333 668 1401; x_wconf 71' lang='lat' dir='ltr'><em>convescentes,-</em></span> <span class='ocrx_word' id='word_1_81' title='bbox 684 1333 860 1390; x_wconf 80' lang='lat' dir='ltr'><em>Athenaeus</em></span> <span class='ocrx_word' id='word_1_82' title='bbox 879 1340 921 1399; x_wconf 83' lang='lat' dir='ltr'><em>(et</em></span> <span class='ocrx_word' id='word_1_83' title='bbox 939 1349 1000 1387; x_wconf 88' lang='lat' dir='ltr'><em>cum</em></span> <span class='ocrx_word' id='word_1_84' title='bbox 1020 1342 1134 1388; x_wconf 78' lang='lat' dir='ltr'><em>sectatus</em></span> 
     </span>
     <span class='ocr_line' id='line_1_11' title="bbox 71 1412 1134 1493; baseline 0.003 -24"><span class='ocrx_word' id='word_1_85' title='bbox 71 1412 163 1471; x_wconf 81' lang='lat' dir='ltr'><em>Cicero</em></span> <span class='ocrx_word' id='word_1_86' title='bbox 184 1415 286 1491; x_wconf 79' lang='lat' dir='ltr'><em>Topic.¹</em></span> <span class='ocrx_word' id='word_1_87' title='bbox 303 1415 323 1472; x_wconf 88' lang='grc' dir='ltr'><em>Ι.</em></span> <span class='ocrx_word' id='word_1_88' title='bbox 343 1423 381 1484; x_wconf 91' lang='lat' dir='ltr'><em>c.)</em></span> <span class='ocrx_word' id='word_1_89' title='bbox 405 1426 523 1491; x_wconf 82' lang='lat' dir='ltr'><em>portem</em></span> <span class='ocrx_word' id='word_1_90' title='bbox 550 1435 656 1474; x_wconf 75' lang='lat' dir='ltr'><em>curmae</em></span> <span class='ocrx_word' id='word_1_91' title='bbox 683 1418 824 1493; x_wconf 82' lang='lat' dir='ltr'><em>appellat.</em></span> <span class='ocrx_word' id='word_1_92' title='bbox 868 1415 932 1474; x_wconf 82' lang='lat' dir='ltr'><em>bico</em></span> <span class='ocrx_word' id='word_1_93' title='bbox 960 1413 1134 1492; x_wconf 85' lang='lat' dir='ltr'><em>comparatio</em></span> 
     </span>
     <span class='ocr_line' id='line_1_12' title="bbox 70 1496 1136 1577; baseline 0.004 -23"><span class='ocrx_word' id='word_1_94' title='bbox 70 1496 140 1556; x_wconf 82' lang='lat' dir='ltr'><em>deest</em></span> <span class='ocrx_word' id='word_1_95' title='bbox 156 1500 188 1558; x_wconf 84' lang='lat' dir='ltr'><em>in&#39;</em></span> <span class='ocrx_word' id='word_1_96' title='bbox 202 1501 257 1557; x_wconf 83' lang='lat' dir='ltr'><em>iliis</em></span> <span class='ocrx_word' id='word_1_97' title='bbox 276 1499 419 1569; x_wconf 84' lang='lat' dir='ltr'><em>thesibus,</em></span> <span class='ocrx_word' id='word_1_98' title='bbox 439 1519 554 1577; x_wconf 86' lang='lat' dir='ltr'><em>quarum</em></span> <span class='ocrx_word' id='word_1_99' title='bbox 574 1501 703 1577; x_wconf 83' lang='lat' dir='ltr'><em>exempla</em></span> <span class='ocrx_word' id='word_1_100' title='bbox 722 1501 826 1560; x_wconf 82' lang='lat' dir='ltr'><em>Cicero</em></span> <span class='ocrx_word' id='word_1_101' title='bbox 845 1501 898 1558; x_wconf 90' lang='lat' dir='ltr'><em>sibi</em></span> <span class='ocrx_word' id='word_1_102' title='bbox 916 1501 969 1577; x_wconf 89' lang='lat' dir='ltr'><em>ipsi</em></span> <span class='ocrx_word' id='word_1_103' title='bbox 987 1502 1136 1577; x_wconf 78' lang='lat' dir='ltr'><em>proposuit</em></span> 
     </span>
     <span class='ocr_line' id='line_1_13' title="bbox 70 1582 1135 1663; baseline 0.003 -24"><span class='ocrx_word' id='word_1_104' title='bbox 70 1583 93 1640; x_wconf 90' lang='lat' dir='ltr'><em>in</em></span> <span class='ocrx_word' id='word_1_105' title='bbox 113 1582 259 1660; x_wconf 68' lang='lat' dir='ltr'><em>epissent</em></span> <span class='ocrx_word' id='word_1_106' title='bbox 282 1582 370 1642; x_wconf 84' lang='lat' dir='ltr'><em>Attio.</em></span> <span class='ocrx_word' id='word_1_107' title='bbox 390 1587 422 1654; x_wconf 88' lang='grc'><strong>9,</strong></span> <span class='ocrx_word' id='word_1_108' title='bbox 441 1589 471 1643; x_wconf 86' lang='grc'><em>4.</em></span> <span class='ocrx_word' id='word_1_109' title='bbox 496 1595 527 1644; x_wconf 88' lang='lat' dir='ltr'><em>et</em></span> <span class='ocrx_word' id='word_1_110' title='bbox 549 1587 581 1655; x_wconf 88' lang='grc'><em>9,</em></span> <span class='ocrx_word' id='word_1_111' title='bbox 605 1588 639 1655; x_wconf 90' lang='grc'><em>9,</em></span> <span class='ocrx_word' id='word_1_112' title='bbox 659 1588 690 1642; x_wconf 89' lang='grc'><em>2.</em></span> <span class='ocrx_word' id='word_1_113' title='bbox 732 1584 869 1663; x_wconf 78' lang='lat' dir='ltr'><em>Apustius</em></span> <span class='ocrx_word' id='word_1_114' title='bbox 893 1587 976 1643; x_wconf 89' lang='lat' dir='ltr'><em>etiam</em></span> <span class='ocrx_word' id='word_1_115' title='bbox 999 1585 1096 1644; x_wconf 86' lang='lat' dir='ltr'><em>theses</em></span> <span class='ocrx_word' id='word_1_116' title='bbox 1119 1606 1135 1642; x_wconf 89' lang='lat' dir='ltr'><em>a</em></span> 
     </span>
     <span class='ocr_line' id='line_1_14' title="bbox 70 1660 1136 1748; baseline 0 -24"><span class='ocrx_word' id='word_1_117' title='bbox 70 1667 131 1724; x_wconf 87' lang='lat' dir='ltr'><em>iocis</em></span> <span class='ocrx_word' id='word_1_118' title='bbox 153 1669 344 1728; x_wconf 83' lang='lat' dir='ltr'><em>communibus</em></span> <span class='ocrx_word' id='word_1_119' title='bbox 367 1668 515 1746; x_wconf 69' lang='lat' dir='ltr'><em>distinguit</em></span> <span class='ocrx_word' id='word_1_120' title='bbox 536 1671 610 1728; x_wconf 86' lang='lat' dir='ltr'><em>inira</em></span> <span class='ocrx_word' id='word_1_121' title='bbox 630 1690 655 1728; x_wconf 89' lang='lat' dir='ltr'><em>e.</em></span> <span class='ocrx_word' id='word_1_122' title='bbox 674 1671 728 1740; x_wconf 84' lang='lat'><em>37,</em></span> <span class='ocrx_word' id='word_1_123' title='bbox 749 1673 833 1740; x_wconf 76' lang='grc'><strong>125,</strong></span> <span class='ocrx_word' id='word_1_124' title='bbox 859 1670 905 1730; x_wconf 90' lang='lat' dir='ltr'><em>ubi</em></span> <span class='ocrx_word' id='word_1_125' title='bbox 927 1660 1042 1748; x_wconf 70' lang='grc' dir='ltr'><em>αὔξησιν</em></span> <span class='ocrx_word' id='word_1_126' title='bbox 1065 1669 1136 1728; x_wconf 75' lang='lat' dir='ltr'><em>uicta</em></span> 
     </span>
     <span class='ocr_line' id='line_1_15' title="bbox 69 1753 1139 1833; baseline 0.002 -23"><span class='ocrx_word' id='word_1_127' title='bbox 69 1763 233 1828; x_wconf 83' lang='lat' dir='ltr'><em>aptauesse</em></span> <span class='ocrx_word' id='word_1_128' title='bbox 251 1753 322 1812; x_wconf 89' lang='lat' dir='ltr'><em>iocis</em></span> <span class='ocrx_word' id='word_1_129' title='bbox 341 1755 546 1825; x_wconf 85' lang='lat' dir='ltr'><em>communibus,</em></span> <span class='ocrx_word' id='word_1_130' title='bbox 569 1767 600 1814; x_wconf 90' lang='lat' dir='ltr'><em>et</em></span> <span class='ocrx_word' id='word_1_131' title='bbox 622 1755 647 1831; x_wconf 65' lang='grc' dir='ltr'><em>ξ.</em></span> <span class='ocrx_word' id='word_1_132' title='bbox 668 1757 738 1814; x_wconf 89' lang='grc'><strong>126.</strong></span> <span class='ocrx_word' id='word_1_133' title='bbox 758 1757 797 1813; x_wconf 85' lang='lat' dir='ltr'><em>ita</em></span> <span class='ocrx_word' id='word_1_134' title='bbox 816 1757 913 1833; x_wconf 80' lang='lat' dir='ltr'><em>pergit</em></span> <span class='ocrx_word' id='word_1_135' title='bbox 928 1753 1044 1814; x_wconf 76' lang='lat' dir='ltr'><em>dicere:</em></span> <span class='ocrx_word' id='word_1_136' title='bbox 1089 1759 1139 1814; x_wconf 83' lang='lat' dir='ltr'><em>A:</em></span> 
     </span>
     <span class='ocr_line' id='line_1_16' title="bbox 68 1841 1136 1918; baseline 0.003 -24"><span class='ocrx_word' id='word_1_137' title='bbox 68 1857 128 1895; x_wconf 86' lang='lat' dir='ltr'><em>acro</em></span> <span class='ocrx_word' id='word_1_138' title='bbox 154 1841 206 1898; x_wconf 85' lang='lat' dir='ltr'><em>illa</em></span> <span class='ocrx_word' id='word_1_139' title='bbox 227 1857 304 1916; x_wconf 85' lang='lat' dir='ltr'><em>pars</em></span> <span class='ocrx_word' id='word_1_140' title='bbox 330 1841 486 1910; x_wconf 74' lang='lat' dir='ltr'><em>orcuum‘s,</em></span> <span class='ocrx_word' id='word_1_141' title='bbox 515 1847 589 1918; x_wconf 82' lang='lat' dir='ltr'><em>qua&#39;c</em></span> <span class='ocrx_word' id='word_1_142' title='bbox 616 1851 663 1899; x_wconf 89' lang='lat' dir='ltr'><em>est</em></span> <span class='ocrx_word' id='word_1_143' title='bbox 686 1843 721 1898; x_wconf 85' lang='lat' dir='ltr'><em>de</em></span> <span class='ocrx_word' id='word_1_144' title='bbox 745 1859 857 1917; x_wconf 76' lang='lat' dir='ltr'><em>genere</em></span> <span class='ocrx_word' id='word_1_145' title='bbox 880 1843 1029 1914; x_wconf 72' lang='lat' dir='ltr'><em>aracaeum,</em></span> <span class='ocrx_word' id='word_1_146' title='bbox 1058 1849 1136 1898; x_wconf 83' lang='lat' dir='ltr'><em>totus</em></span> 
     </span>
     <span class='ocr_line' id='line_1_17' title="bbox 68 1926 1139 2003; baseline 0.003 -24"><span class='ocrx_word' id='word_1_147' title='bbox 68 1940 161 1982; x_wconf 79' lang='lat' dir='ltr'><em>carnos·</em></span> <span class='ocrx_word' id='word_1_148' title='bbox 180 1944 269 2000; x_wconf 81' lang='lat' dir='ltr'><em>saepe</em></span> <span class='ocrx_word' id='word_1_149' title='bbox 293 1927 432 1982; x_wconf 75' lang='lat' dir='ltr'><em>continet.</em></span> <span class='ocrx_word' id='word_1_150' title='bbox 480 1927 628 2002; x_wconf 65' lang='lat' dir='ltr'><em>Quidquid</em></span> <span class='ocrx_word' id='word_1_151' title='bbox 651 1936 699 1984; x_wconf 89' lang='lat' dir='ltr'><em>est</em></span> <span class='ocrx_word' id='word_1_152' title='bbox 718 1927 792 1986; x_wconf 80' lang='lat' dir='ltr'><em>eoam</em></span> <span class='ocrx_word' id='word_1_153' title='bbox 815 1927 903 1994; x_wconf 81' lang='lat' dir='ltr'><em>illud,</em></span> <span class='ocrx_word' id='word_1_154' title='bbox 928 1928 958 1983; x_wconf 88' lang='lat' dir='ltr'><em>io</em></span> <span class='ocrx_word' id='word_1_155' title='bbox 977 1943 1032 2002; x_wconf 88' lang='lat' dir='ltr'><em>quo</em></span> <span class='ocrx_word' id='word_1_156' title='bbox 1050 1926 1139 2003; x_wconf 84' lang='lat' dir='ltr'><em>quusi</em></span> 
     </span>
     <span class='ocr_line' id='line_1_18' title="bbox 68 2005 1137 2090; baseline 0.003 -27"><span class='ocrx_word' id='word_1_157' title='bbox 68 2017 202 2067; x_wconf 84' lang='lat' dir='ltr'><em>certamen</em></span> <span class='ocrx_word' id='word_1_158' title='bbox 220 2018 268 2067; x_wconf 87' lang='lat' dir='ltr'><em>est</em></span> <span class='ocrx_word' id='word_1_159' title='bbox 284 2013 515 2079; x_wconf 70' lang='lat' dir='ltr'><em>oeconomiae,</em></span> <span class='ocrx_word' id='word_1_160' title='bbox 539 2012 618 2087; x_wconf 81' lang='lat' dir='ltr'><em>qaod</em></span> <span class='ocrx_word' id='word_1_161' title='bbox 639 2014 750 2070; x_wconf 83' lang='lat' dir='ltr'><em>Graece</em></span> <span class='ocrx_word' id='word_1_162' title='bbox 772 2005 932 2090; x_wconf 64' lang='grc' dir='ltr'><em>κρινόμενον</em></span> <span class='ocrx_word' id='word_1_163' title='bbox 956 2012 1080 2078; x_wconf 73' lang='lat' dir='ltr'><em>ocima,</em></span> <span class='ocrx_word' id='word_1_164' title='bbox 1105 2011 1137 2066; x_wconf 84' lang='lat' dir='ltr'><em>id</em></span> 
     </span>
     <span class='ocr_line' id='line_1_19' title="bbox 68 2093 1136 2172; baseline 0.002 -24"><span class='ocrx_word' id='word_1_165' title='bbox 68 2093 105 2150; x_wconf 88' lang='lat' dir='ltr'><em>ita</em></span> <span class='ocrx_word' id='word_1_166' title='bbox 122 2095 180 2151; x_wconf 83' lang='lat' dir='ltr'><em>dici</em></span> <span class='ocrx_word' id='word_1_167' title='bbox 190 2095 305 2170; x_wconf 82' lang='lat' dir='ltr'><em>placet,</em></span> <span class='ocrx_word' id='word_1_168' title='bbox 325 2105 360 2152; x_wconf 87' lang='lat' dir='ltr'><em>ut</em></span> <span class='ocrx_word' id='word_1_169' title='bbox 376 2097 552 2154; x_wconf 81' lang='lat' dir='ltr'><em>traducatur</em></span> <span class='ocrx_word' id='word_1_170' title='bbox 570 2097 610 2153; x_wconf 84' lang='lat' dir='ltr'><em>ud</em></span> <span class='ocrx_word' id='word_1_171' title='bbox 622 2105 795 2172; x_wconf 79' lang='lat' dir='ltr'><em>perpetuam</em></span> <span class='ocrx_word' id='word_1_172' title='bbox 815 2098 1026 2172; x_wconf 84' lang='lat' dir='ltr'><em>qaaestionem,</em></span> <span class='ocrx_word' id='word_1_173' title='bbox 1048 2105 1136 2172; x_wconf 86' lang='lat' dir='ltr'><em>atquc</em></span> 
     </span>
     <span class='ocr_line' id='line_1_20' title="bbox 12 2175 1134 2257; baseline 0.005 -25"><span class='ocrx_word' id='word_1_174' title='bbox 12 2175 19 2226; x_wconf 65' lang='grc' dir='ltr'><em>Γ</em></span> <span class='ocrx_word' id='word_1_175' title='bbox 68 2187 97 2233; x_wconf 89' lang='lat' dir='ltr'><em>at</em></span> <span class='ocrx_word' id='word_1_176' title='bbox 118 2179 152 2236; x_wconf 79' lang='lat' dir='ltr'><em>be</em></span> <span class='ocrx_word' id='word_1_177' title='bbox 175 2182 312 2238; x_wconf 75' lang='lat' dir='ltr'><em>autumno</em></span> <span class='ocrx_word' id='word_1_178' title='bbox 336 2197 448 2257; x_wconf 70' lang='lat' dir='ltr'><em>gemme</em></span> <span class='ocrx_word' id='word_1_179' title='bbox 476 2181 608 2238; x_wconf 82' lang='lat' dir='ltr'><em>dicatur:</em></span> <span class='ocrx_word' id='word_1_180' title='bbox 636 2183 697 2238; x_wconf 75' lang='grc' dir='ltr'><em>ιιίιί</em></span> <span class='ocrx_word' id='word_1_181' title='bbox 720 2199 782 2238; x_wconf 86' lang='lat' dir='ltr'><em>cum</em></span> <span class='ocrx_word' id='word_1_182' title='bbox 810 2183 845 2238; x_wconf 85' lang='lat' dir='ltr'><em>de</em></span> <span class='ocrx_word' id='word_1_183' title='bbox 872 2199 941 2238; x_wconf 87' lang='lat' dir='ltr'><em>uero</em></span> <span class='ocrx_word' id='word_1_184' title='bbox 966 2181 1134 2256; x_wconf 53' lang='lat' dir='ltr'><em>ambigitur,</em></span> 
     </span>
     <span class='ocr_line' id='line_1_21' title="bbox 68 2263 1135 2342; baseline 0.001 -22"><span class='ocrx_word' id='word_1_185' title='bbox 68 2263 138 2336; x_wconf 81' lang='lat' dir='ltr'><em>qaod</em></span> <span class='ocrx_word' id='word_1_186' title='bbox 153 2267 259 2339; x_wconf 78' lang='lat' dir='ltr'><em>qnam·</em></span> <span class='ocrx_word' id='word_1_187' title='bbox 274 2267 445 2324; x_wconf 80' lang='lat' dir='ltr'><em>coniectura</em></span> <span class='ocrx_word' id='word_1_188' title='bbox 461 2265 546 2322; x_wconf 79' lang='lat' dir='ltr'><em>solet.</em></span> <span class='ocrx_word' id='word_1_189' title='bbox 590 2265 694 2325; x_wconf 82' lang='lat' dir='ltr'><em>Thasia</em></span> <span class='ocrx_word' id='word_1_190' title='bbox 718 2275 828 2342; x_wconf 84' lang='lat' dir='ltr'><em>purtem</em></span> <span class='ocrx_word' id='word_1_191' title='bbox 847 2283 951 2322; x_wconf 86' lang='lat' dir='ltr'><em>causae</em></span> <span class='ocrx_word' id='word_1_192' title='bbox 968 2264 1135 2322; x_wconf 81' lang='lat' dir='ltr'><em>Athenaeus</em></span> 
     </span>
     <span class='ocr_line' id='line_1_22' title="bbox 68 2345 1135 2428; baseline 0.003 -25"><span class='ocrx_word' id='word_1_193' title='bbox 68 2357 93 2404; x_wconf 90' lang='lat' dir='ltr'><em>et</em></span> <span class='ocrx_word' id='word_1_194' title='bbox 113 2345 213 2406; x_wconf 84' lang='lat' dir='ltr'><em>Cicero</em></span> <span class='ocrx_word' id='word_1_195' title='bbox 236 2348 480 2426; x_wconf 61' lang='lat' dir='ltr'><em>accceperuut</em></span> <span class='ocrx_word' id='word_1_196' title='bbox 503 2359 581 2418; x_wconf 88' lang='lat' dir='ltr'><em>sant,</em></span> <span class='ocrx_word' id='word_1_197' title='bbox 608 2369 666 2406; x_wconf 88' lang='lat' dir='ltr'><em>non</em></span> <span class='ocrx_word' id='word_1_198' title='bbox 689 2369 743 2428; x_wconf 85' lang='lat' dir='ltr'><em>qun</em></span> <span class='ocrx_word' id='word_1_199' title='bbox 766 2369 816 2407; x_wconf 87' lang='lat' dir='ltr'><em>res</em></span> <span class='ocrx_word' id='word_1_200' title='bbox 836 2350 981 2426; x_wconf 43' lang='lat' dir='ltr'><em>&amp;uenalis</em></span> <span class='ocrx_word' id='word_1_201' title='bbox 1001 2367 1068 2427; x_wconf 84' lang='lat' dir='ltr'><em>pars</em></span> <span class='ocrx_word' id='word_1_202' title='bbox 1091 2349 1135 2406; x_wconf 88' lang='lat' dir='ltr'><em>rai</em></span> 
     </span>
     <span class='ocr_line' id='line_1_23' title="bbox 67 2432 1135 2512; baseline 0.002 -24"><span class='ocrx_word' id='word_1_203' title='bbox 67 2433 189 2508; x_wconf 80' lang='lat' dir='ltr'><em>specialis</em></span> <span class='ocrx_word' id='word_1_204' title='bbox 217 2451 282 2493; x_wconf 87' lang='lat' dir='ltr'><em>esse</em></span> <span class='ocrx_word' id='word_1_205' title='bbox 308 2437 411 2512; x_wconf 83' lang='lat' dir='ltr'><em>possit,</em></span> <span class='ocrx_word' id='word_1_206' title='bbox 442 2432 495 2493; x_wconf 87' lang='lat' dir='ltr'><em>sed</em></span> <span class='ocrx_word' id='word_1_207' title='bbox 522 2435 586 2511; x_wconf 91' lang='lat' dir='ltr'><em>quia</em></span> <span class='ocrx_word' id='word_1_208' title='bbox 613 2435 710 2494; x_wconf 89' lang='lat' dir='ltr'><em>theses</em></span> <span class='ocrx_word' id='word_1_209' title='bbox 737 2433 876 2494; x_wconf 80' lang='lat' dir='ltr'><em>interdum</em></span> <span class='ocrx_word' id='word_1_210' title='bbox 905 2434 1012 2492; x_wconf 82' lang='lat' dir='ltr'><em>itabant</em></span> <span class='ocrx_word' id='word_1_211' title='bbox 1036 2443 1135 2512; x_wconf 84' lang='lat' dir='ltr'><em>partos</em></span> 
     </span>
     <span class='ocr_line' id='line_1_24' title="bbox 66 2518 1134 2598; baseline 0.003 -25"><span class='ocrx_word' id='word_1_212' title='bbox 66 2519 234 2578; x_wconf 74' lang='lat' dir='ltr'><em>tractationis</em></span> <span class='ocrx_word' id='word_1_213' title='bbox 261 2530 424 2578; x_wconf 70' lang='lat' dir='ltr'><em>musarum:</em></span> <span class='ocrx_word' id='word_1_214' title='bbox 458 2537 525 2598; x_wconf 86' lang='lat' dir='ltr'><em>pars</em></span> <span class='ocrx_word' id='word_1_215' title='bbox 544 2519 624 2577; x_wconf 89' lang='lat' dir='ltr'><em>—enim</em></span> <span class='ocrx_word' id='word_1_216' title='bbox 656 2534 749 2581; x_wconf 84' lang='lat' dir='ltr'><em>recum</em></span> <span class='ocrx_word' id='word_1_217' title='bbox 780 2518 989 2578; x_wconf 76' lang='lat' dir='ltr'><em>tractandarum</em></span> <span class='ocrx_word' id='word_1_218' title='bbox 1018 2529 1089 2577; x_wconf 81' lang='lat' dir='ltr'><em>erat·</em></span> <span class='ocrx_word' id='word_1_219' title='bbox 1107 2519 1134 2576; x_wconf 90' lang='lat' dir='ltr'><em>in</em></span> 
     </span>
     <span class='ocr_line' id='line_1_25' title="bbox 66 2601 1136 2683; baseline 0.003 -26"><span class='ocrx_word' id='word_1_220' title='bbox 66 2601 143 2660; x_wconf 93' lang='lat' dir='ltr'><em>rebus</em></span> <span class='ocrx_word' id='word_1_221' title='bbox 165 2604 243 2662; x_wconf 86' lang='lat' dir='ltr'><em>circa</em></span> <span class='ocrx_word' id='word_1_222' title='bbox 266 2603 395 2662; x_wconf 84' lang='lat' dir='ltr'><em>definitas</em></span> <span class='ocrx_word' id='word_1_223' title='bbox 418 2624 570 2683; x_wconf 80' lang='lat' dir='ltr'><em>personas,</em></span> <span class='ocrx_word' id='word_1_224' title='bbox 594 2613 725 2683; x_wconf 85' lang='lat' dir='ltr'><em>tempora</em></span> <span class='ocrx_word' id='word_1_225' title='bbox 743 2605 873 2675; x_wconf 84' lang='lat' dir='ltr'><em>definita,</em></span> <span class='ocrx_word' id='word_1_226' title='bbox 898 2604 1031 2664; x_wconf 74' lang='lat' dir='ltr'><em>definitos</em></span> <span class='ocrx_word' id='word_1_227' title='bbox 1054 2605 1136 2662; x_wconf 83' lang='lat' dir='ltr'><em>locos</em></span> 
     </span>
     <span class='ocr_line' id='line_1_26' title="bbox 67 2687 1135 2768; baseline 0.005 -26"><span class='ocrx_word' id='word_1_228' title='bbox 67 2695 92 2743; x_wconf 88' lang='lat' dir='ltr'><em>et</em></span> <span class='ocrx_word' id='word_1_229' title='bbox 107 2687 260 2747; x_wconf 78' lang='lat' dir='ltr'><em>huiusmodi</em></span> <span class='ocrx_word' id='word_1_230' title='bbox 278 2689 464 2761; x_wconf 85' lang='lat' dir='ltr'><em>versantibus,</em></span> <span class='ocrx_word' id='word_1_231' title='bbox 484 2700 515 2749; x_wconf 88' lang='lat' dir='ltr'><em>et</em></span> <span class='ocrx_word' id='word_1_232' title='bbox 525 2690 568 2748; x_wconf 89' lang='lat' dir='ltr'><em>iis</em></span> <span class='ocrx_word' id='word_1_233' title='bbox 582 2689 692 2767; x_wconf 85' lang='lat' dir='ltr'><em>quidem</em></span> <span class='ocrx_word' id='word_1_234' title='bbox 712 2693 848 2758; x_wconf 81' lang='lat' dir='ltr'><em>maximis,</em></span> <span class='ocrx_word' id='word_1_235' title='bbox 868 2692 971 2768; x_wconf 90' lang='lat' dir='ltr'><em>quippe</em></span> <span class='ocrx_word' id='word_1_236' title='bbox 991 2689 1027 2748; x_wconf 84' lang='lat' dir='ltr'><em>ad</em></span> <span class='ocrx_word' id='word_1_237' title='bbox 1045 2691 1135 2767; x_wconf 83' lang='lat' dir='ltr'><em>ipsam</em></span> 
     </span>
     <span class='ocr_line' id='line_1_27' title="bbox 66 2769 1136 2854; baseline 0.005 -27"><span class='ocrx_word' id='word_1_238' title='bbox 66 2769 137 2830; x_wconf 83' lang='lat' dir='ltr'><em>litem</em></span> <span class='ocrx_word' id='word_1_239' title='bbox 151 2774 355 2851; x_wconf 70' lang='lat' dir='ltr'><em>spectantibus,</em></span> <span class='ocrx_word' id='word_1_240' title='bbox 375 2784 405 2832; x_wconf 87' lang='lat' dir='ltr'><em>et</em></span> <span class='ocrx_word' id='word_1_241' title='bbox 420 2775 522 2854; x_wconf 84' lang='lat' dir='ltr'><em>quibus</em></span> <span class='ocrx_word' id='word_1_242' title='bbox 541 2773 576 2832; x_wconf 85' lang='lat' dir='ltr'><em>&#39;de</em></span> <span class='ocrx_word' id='word_1_243' title='bbox 596 2775 674 2834; x_wconf 86' lang='lat' dir='ltr'><em>iacto</em></span> <span class='ocrx_word' id='word_1_244' title='bbox 693 2787 896 2854; x_wconf 82' lang='lat' dir='ltr'><em>quaereretur:</em></span> <span class='ocrx_word' id='word_1_245' title='bbox 916 2785 1025 2853; x_wconf 87' lang='lat' dir='ltr'><em>partem</em></span> <span class='ocrx_word' id='word_1_246' title='bbox 1046 2790 1136 2850; x_wconf 77' lang='lat' dir='ltr'><em>genu-</em></span> 
     </span>
     <span class='ocr_line' id='line_1_28' title="bbox 66 2857 1136 2937; baseline 0.003 -25"><span class='ocrx_word' id='word_1_247' title='bbox 66 2857 138 2916; x_wconf 85' lang='lat' dir='ltr'><em>ratim</em></span> <span class='ocrx_word' id='word_1_248' title='bbox 162 2869 287 2918; x_wconf 80' lang='lat' dir='ltr'><em>mactare</em></span> <span class='ocrx_word' id='word_1_249' title='bbox 311 2859 429 2930; x_wconf 75' lang='lat' dir='ltr'><em>licebat,</em></span> <span class='ocrx_word' id='word_1_250' title='bbox 453 2862 512 2919; x_wconf 80' lang='lat' dir='ltr'><em>siae</em></span> <span class='ocrx_word' id='word_1_251' title='bbox 531 2861 708 2937; x_wconf 84' lang='lat' dir='ltr'><em>parthesin,</em></span> <span class='ocrx_word' id='word_1_252' title='bbox 731 2862 811 2919; x_wconf 84' lang='lat' dir='ltr'><em>vetut</em></span> <span class='ocrx_word' id='word_1_253' title='bbox 833 2879 887 2930; x_wconf 86' lang='lat' dir='ltr'><em>ea,</em></span> <span class='ocrx_word' id='word_1_254' title='bbox 905 2863 932 2918; x_wconf 90' lang='lat' dir='ltr'><em>io</em></span> <span class='ocrx_word' id='word_1_255' title='bbox 952 2859 1051 2936; x_wconf 87' lang='lat' dir='ltr'><em>quibus</em></span> <span class='ocrx_word' id='word_1_256' title='bbox 1069 2857 1136 2936; x_wconf 79' lang='lat' dir='ltr'><em>quial</em></span> 
     </span>
     <span class='ocr_line' id='line_1_29' title="bbox 12 2939 1157 3023; baseline -0.004 -19"><span class='ocrx_word' id='word_1_257' title='bbox 12 2999 13 3004; x_wconf 73' lang='grc'><strong>,</strong></span> <span class='ocrx_word' id='word_1_258' title='bbox 67 2950 91 2997; x_wconf 86' lang='lat' dir='ltr'><em>a</em></span> <span class='ocrx_word' id='word_1_259' title='bbox 111 2943 190 3020; x_wconf 86' lang='lat' dir='ltr'><em>quale</em></span> <span class='ocrx_word' id='word_1_260' title='bbox 214 2955 304 3014; x_wconf 90' lang='lat' dir='ltr'><em>esset,</em></span> <span class='ocrx_word' id='word_1_261' title='bbox 329 2939 527 3023; x_wconf 81' lang='lat' dir='ltr'><em>quaerebatur.</em></span> <span class='ocrx_word' id='word_1_262' title='bbox 571 2943 798 3015; x_wconf 85' lang='lat' dir='ltr'><em>,‚Laudationem</em></span> <span class='ocrx_word' id='word_1_263' title='bbox 822 2946 984 3002; x_wconf 78' lang='lat' dir='ltr'><em>consulatus</em></span> <span class='ocrx_word' id='word_1_264' title='bbox 1006 2945 1050 3002; x_wconf 91' lang='lat' dir='ltr'><em>sui</em></span> <span class='ocrx_word' id='word_1_265' title='bbox 1074 2945 1157 3020; x_wconf 53' lang='lat' dir='ltr'><em>ipse*</em></span> 
     </span>
     <span class='ocr_line' id='line_1_30' title="bbox 67 3025 1137 3107; baseline 0.003 -27"><span class='ocrx_word' id='word_1_266' title='bbox 67 3025 171 3088; x_wconf 52' lang='lat' dir='ltr'><em>tiicrad</em></span> <span class='ocrx_word' id='word_1_267' title='bbox 188 3028 277 3088; x_wconf 78' lang='lat' dir='ltr'><em>Attic.</em></span> <span class='ocrx_word' id='word_1_268' title='bbox 298 3031 330 3100; x_wconf 89' lang='grc'><strong>1,</strong></span> <span class='ocrx_word' id='word_1_269' title='bbox 350 3033 404 3100; x_wconf 82' lang='grc'><strong>14,</strong></span> <span class='ocrx_word' id='word_1_270' title='bbox 422 3034 452 3088; x_wconf 89' lang='lat'><em>4.</em></span> <span class='ocrx_word' id='word_1_271' title='bbox 472 3030 538 3087; x_wconf 89' lang='lat' dir='ltr'><em>Voi.</em></span> <span class='ocrx_word' id='word_1_272' title='bbox 557 3033 586 3087; x_wconf 90' lang='grc'><em>1.</em></span> <span class='ocrx_word' id='word_1_273' title='bbox 606 3049 633 3107; x_wconf 83' lang='grc' dir='ltr'><em>ρ.</em></span> <span class='ocrx_word' id='word_1_274' title='bbox 652 3032 703 3088; x_wconf 83' lang='grc'><em>63.</em></span> <span class='ocrx_word' id='word_1_275' title='bbox 727 3031 820 3088; x_wconf 88' lang='lat' dir='ltr'><em>locum</em></span> <span class='ocrx_word' id='word_1_276' title='bbox 843 3047 1017 3087; x_wconf 86' lang='lat' dir='ltr'><em>communem</em></span> <span class='ocrx_word' id='word_1_277' title='bbox 1038 3027 1137 3104; x_wconf 87' lang='lat' dir='ltr'><em>appoi-</em></span> 
     </span>
     <span class='ocr_line' id='line_1_31' title="bbox 37 3107 1136 3192; baseline 0.001 -24"><span class='ocrx_word' id='word_1_278' title='bbox 37 3171 40 3181; x_wconf 49' lang='lat'><em>,</em></span> <span class='ocrx_word' id='word_1_279' title='bbox 66 3107 109 3181; x_wconf 84' lang='lat' dir='ltr'><em>lat,</em></span> <span class='ocrx_word' id='word_1_280' title='bbox 132 3131 213 3191; x_wconf 85' lang='lat' dir='ltr'><em>quem</em></span> <span class='ocrx_word' id='word_1_281' title='bbox 232 3115 310 3172; x_wconf 88' lang='lat' dir='ltr'><em>varie</em></span> <span class='ocrx_word' id='word_1_282' title='bbox 328 3115 386 3173; x_wconf 93' lang='lat' dir='ltr'><em>suis</em></span> <span class='ocrx_word' id='word_1_283' title='bbox 405 3113 581 3189; x_wconf 87' lang='lat' dir='ltr'><em>orationibus</em></span> <span class='ocrx_word' id='word_1_284' title='bbox 603 3116 722 3192; x_wconf 83' lang='lat' dir='ltr'><em>pingere</em></span> <span class='ocrx_word' id='word_1_285' title='bbox 746 3116 870 3178; x_wconf 84' lang='lat' dir='ltr'><em>soleret:</em></span> <span class='ocrx_word' id='word_1_286' title='bbox 897 3115 997 3192; x_wconf 90' lang='lat' dir='ltr'><em>quippe</em></span> <span class='ocrx_word' id='word_1_287' title='bbox 1016 3111 1046 3170; x_wconf 86' lang='lat' dir='ltr'><em>id</em></span> <span class='ocrx_word' id='word_1_288' title='bbox 1064 3123 1136 3170; x_wconf 80' lang='lat' dir='ltr'><em>tcm-</em></span> 
     </span>
     <span class='ocr_line' id='line_1_32' title="bbox 65 3197 1135 3280; baseline 0.002 -28"><span class='ocrx_word' id='word_1_289' title='bbox 65 3197 202 3270; x_wconf 82' lang='lat' dir='ltr'><em>pusabeo</em></span> <span class='ocrx_word' id='word_1_290' title='bbox 227 3209 393 3258; x_wconf 88' lang='lat' dir='ltr'><em>constanter</em></span> <span class='ocrx_word' id='word_1_291' title='bbox 415 3201 443 3256; x_wconf 89' lang='lat' dir='ltr'><em>in</em></span> <span class='ocrx_word' id='word_1_292' title='bbox 466 3209 561 3258; x_wconf 88' lang='lat' dir='ltr'><em>mente</em></span> <span class='ocrx_word' id='word_1_293' title='bbox 583 3199 729 3270; x_wconf 88' lang='lat' dir='ltr'><em>versabat,</em></span> <span class='ocrx_word' id='word_1_294' title='bbox 754 3211 784 3257; x_wconf 91' lang='lat' dir='ltr'><em>ut</em></span> <span class='ocrx_word' id='word_1_295' title='bbox 805 3211 943 3280; x_wconf 90' lang='lat' dir='ltr'><em>perpetua</em></span> <span class='ocrx_word' id='word_1_296' title='bbox 962 3199 1023 3256; x_wconf 89' lang='lat' dir='ltr'><em>eius</em></span> <span class='ocrx_word' id='word_1_297' title='bbox 1047 3199 1074 3254; x_wconf 92' lang='lat' dir='ltr'><em>in</em></span> <span class='ocrx_word' id='word_1_298' title='bbox 1100 3216 1135 3254; x_wconf 91' lang='lat' dir='ltr'><em>eo</em></span> 
     </span>
    </p>
   </div>
   <div class='ocr_carea' id='block_1_3' title="bbox 66 3273 1231 3361">
    <p class='ocr_par' dir='ltr' id='par_1_3' title="bbox 66 3273 1231 3361">
     <span class='ocr_line' id='line_1_33' title="bbox 66 3273 1231 3361; baseline 0.003 -23"><span class='ocrx_word' id='word_1_299' title='bbox 66 3282 193 3357; x_wconf 83' lang='lat' dir='ltr'><em>cogitatio</em></span> <span class='ocrx_word' id='word_1_300' title='bbox 213 3285 299 3343; x_wconf 79' lang='lat' dir='ltr'><em>fuisse</em></span> <span class='ocrx_word' id='word_1_301' title='bbox 317 3283 458 3344; x_wconf 83' lang='lat' dir='ltr'><em>videatur.</em></span> <span class='ocrx_word' id='word_1_302' title='bbox 478 3305 503 3342; x_wconf 88' lang='lat' dir='ltr'><em>r.</em></span> <span class='ocrx_word' id='word_1_303' title='bbox 517 3283 621 3361; x_wconf 78' lang='lat' dir='ltr'><em>ttptsa.</em></span> <span class='ocrx_word' id='word_1_304' title='bbox 637 3283 672 3342; x_wconf 87' lang='lat' dir='ltr'><em>ad</em></span> <span class='ocrx_word' id='word_1_305' title='bbox 687 3285 782 3342; x_wconf 69' lang='lat' dir='ltr'><em>uomit.</em></span> <span class='ocrx_word' id='word_1_306' title='bbox 798 3287 826 3353; x_wconf 83' lang='lat'><em>5,</em></span> <span class='ocrx_word' id='word_1_307' title='bbox 842 3287 891 3342; x_wconf 89' lang='grc'><em>12.</em></span> <span class='ocrx_word' id='word_1_308' title='bbox 911 3284 977 3342; x_wconf 83' lang='lat' dir='ltr'><em>Vol.</em></span> <span class='ocrx_word' id='word_1_309' title='bbox 992 3285 1023 3340; x_wconf 89' lang='grc'><em>2.</em></span> <span class='ocrx_word' id='word_1_310' title='bbox 1040 3303 1067 3361; x_wconf 91' lang='lat' dir='ltr'><em>p.</em></span> <span class='ocrx_word' id='word_1_311' title='bbox 1085 3284 1137 3342; x_wconf 79' lang='grc'><em>85.</em></span> <span class='ocrx_word' id='word_1_312' title='bbox 1198 3351 1199 3356; x_wconf 13' lang='lat'>¹</span> <span class='ocrx_word' id='word_1_313' title='bbox 1225 3273 1231 3286; x_wconf 65' lang='lat'>⁸</span> 
     </span>
    </p>
   </div>
   <div class='ocr_carea' id='block_1_4' title="bbox 64 3363 1197 4383">
    <p class='ocr_par' dir='ltr' id='par_1_4' title="bbox 64 3363 1197 4383">
     <span class='ocr_line' id='line_1_34' title="bbox 66 3363 1137 3447; baseline 0.002 -25"><span class='ocrx_word' id='word_1_314' title='bbox 66 3363 97 3422; x_wconf 79' lang='lat' dir='ltr'><em>ab</em></span> <span class='ocrx_word' id='word_1_315' title='bbox 111 3368 197 3428; x_wconf 85' lang='lat' dir='ltr'><em>Acttc.</em></span> <span class='ocrx_word' id='word_1_316' title='bbox 210 3371 246 3439; x_wconf 87' lang='grc'><strong>,1,</strong></span> <span class='ocrx_word' id='word_1_317' title='bbox 267 3371 316 3440; x_wconf 88' lang='grc'><strong>19,</strong></span> <span class='ocrx_word' id='word_1_318' title='bbox 336 3371 364 3428; x_wconf 75' lang='lat' dir='ltr'><em>u.</em></span> <span class='ocrx_word' id='word_1_319' title='bbox 383 3369 449 3428; x_wconf 88' lang='lat' dir='ltr'><em>Vol.</em></span> <span class='ocrx_word' id='word_1_320' title='bbox 469 3372 500 3428; x_wconf 88' lang='grc'><em>1.</em></span> <span class='ocrx_word' id='word_1_321' title='bbox 518 3371 655 3447; x_wconf 52' lang='lat' dir='ltr'><em>patus</em></span> <span class='ocrx_word' id='word_1_322' title='bbox 683 3369 772 3428; x_wconf 80' lang='lat' dir='ltr'><em>Haun.</em></span> <span class='ocrx_word' id='word_1_323' title='bbox 792 3391 817 3428; x_wconf 89' lang='lat' dir='ltr'><em>s.</em></span> <span class='ocrx_word' id='word_1_324' title='bbox 833 3390 861 3426; x_wconf 90' lang='lat' dir='ltr'><em>v.</em></span> <span class='ocrx_word' id='word_1_325' title='bbox 881 3369 985 3428; x_wconf 79' lang='lat' dir='ltr'><em>Cicero</em></span> <span class='ocrx_word' id='word_1_326' title='bbox 1004 3390 1031 3447; x_wconf 92' lang='lat' dir='ltr'><em>p.</em></span> <span class='ocrx_word' id='word_1_327' title='bbox 1046 3371 1137 3426; x_wconf 74' lang='lat'><em>220¹.</em></span> 
     </span>
     <span class='ocr_line' id='line_1_35' title="bbox 64 3441 1139 3538; baseline 0.001 -29"><span class='ocrx_word' id='word_1_328' title='bbox 64 3441 152 3512; x_wconf 83' lang='lat' dir='ltr'><em>bouus</em></span> <span class='ocrx_word' id='word_1_329' title='bbox 167 3456 323 3514; x_wconf 77' lang='lat' dir='ltr'><em>communis</em></span> <span class='ocrx_word' id='word_1_330' title='bbox 341 3454 630 3515; x_wconf 78' lang='lat' dir='ltr'><em>tie-testamentorum</em></span> <span class='ocrx_word' id='word_1_331' title='bbox 648 3456 820 3514; x_wconf 84' lang='lat' dir='ltr'><em>auctoritato</em></span> <span class='ocrx_word' id='word_1_332' title='bbox 839 3457 868 3514; x_wconf 88' lang='lat' dir='ltr'><em>ia</em></span> <span class='ocrx_word' id='word_1_333' title='bbox 888 3455 1019 3532; x_wconf 74' lang='lat' dir='ltr'><em>exemplo</em></span> <span class='ocrx_word' id='word_1_334' title='bbox 1039 3451 1139 3538; x_wconf 79' lang='lat' dir='ltr'><em>lautia-</em></span> 
     </span>
     <span class='ocr_line' id='line_1_36' title="bbox 65 3537 1197 3616; baseline 0.001 -23"><span class='ocrx_word' id='word_1_335' title='bbox 65 3537 444 3611; x_wconf 65' lang='lat' dir='ltr'><em>contabescamus.</em></span> <span class='ocrx_word' id='word_1_336' title='bbox 478 3539 538 3598; x_wconf 79' lang='lat' dir='ltr'><em>Ber.</em></span> <span class='ocrx_word' id='word_1_337' title='bbox 574 3539 617 3598; x_wconf 85' lang='lat' dir='ltr'><em>De</em></span> <span class='ocrx_word' id='word_1_338' title='bbox 642 3541 833 3604; x_wconf 82' lang='lat' dir='ltr'><em>communibus</em></span> <span class='ocrx_word' id='word_1_339' title='bbox 857 3541 929 3598; x_wconf 88' lang='lat' dir='ltr'><em>loeis</em></span> <span class='ocrx_word' id='word_1_340' title='bbox 953 3550 1041 3616; x_wconf 85' lang='lat' dir='ltr'><em>agunt</em></span> <span class='ocrx_word' id='word_1_341' title='bbox 1064 3537 1139 3595; x_wconf 81' lang='lat' dir='ltr'><em>Hor·</em></span> <span class='ocrx_word' id='word_1_342' title='bbox 1196 3607 1197 3616; x_wconf 9' lang='grc' dir='ltr'>χ</span> 
     </span>
     <span class='ocr_line' id='line_1_37' title="bbox 65 3623 1136 3703; baseline -0.002 -21"><span class='ocrx_word' id='word_1_343' title='bbox 65 3633 193 3698; x_wconf 70' lang='lat' dir='ltr'><em>magenes</em></span> <span class='ocrx_word' id='word_1_344' title='bbox 218 3623 370 3703; x_wconf 68' lang='lat' dir='ltr'><em>Progqmn.</em></span> <span class='ocrx_word' id='word_1_345' title='bbox 394 3643 420 3684; x_wconf 86' lang='lat' dir='ltr'><em>c.</em></span> <span class='ocrx_word' id='word_1_346' title='bbox 443 3628 472 3685; x_wconf 92' lang='grc'><em>6.</em></span> <span class='ocrx_word' id='word_1_347' title='bbox 500 3627 566 3684; x_wconf 87' lang='lat' dir='ltr'><em>Vol.</em></span> <span class='ocrx_word' id='word_1_348' title='bbox 591 3628 620 3683; x_wconf 89' lang='grc'><em>1.</em></span> <span class='ocrx_word' id='word_1_349' title='bbox 647 3626 732 3684; x_wconf 79' lang='lat' dir='ltr'><em>rbett.</em></span> <span class='ocrx_word' id='word_1_350' title='bbox 758 3625 806 3684; x_wconf 78' lang='lat' dir='ltr'><em>Gr.</em></span> <span class='ocrx_word' id='word_1_351' title='bbox 834 3646 860 3703; x_wconf 93' lang='lat' dir='ltr'><em>p.</em></span> <span class='ocrx_word' id='word_1_352' title='bbox 884 3627 935 3684; x_wconf 89' lang='grc'><strong>29.</strong></span> <span class='ocrx_word' id='word_1_353' title='bbox 964 3623 1010 3682; x_wconf 85' lang='lat' dir='ltr'><em>eri.</em></span> <span class='ocrx_word' id='word_1_354' title='bbox 1028 3623 1136 3691; x_wconf 64' lang='lat' dir='ltr'><em>waic,</em></span> 
     </span>
     <span class='ocr_line' id='line_1_38' title="bbox 64 3699 1136 3788; baseline 0.001 -24"><span class='ocrx_word' id='word_1_355' title='bbox 64 3699 336 3787; x_wconf 71' lang='lat' dir='ltr'><em>optionatusrcog.</em></span> <span class='ocrx_word' id='word_1_356' title='bbox 356 3711 430 3770; x_wconf 55' lang='lat' dir='ltr'><em>cxi.</em></span> <span class='ocrx_word' id='word_1_357' title='bbox 450 3710 553 3770; x_wconf 85' lang='lat' dir='ltr'><em>ibidem</em></span> <span class='ocrx_word' id='word_1_358' title='bbox 575 3731 605 3788; x_wconf 88' lang='lat' dir='ltr'><em>p.</em></span> <span class='ocrx_word' id='word_1_359' title='bbox 624 3713 674 3770; x_wconf 82' lang='lat'><em>80.</em></span> <span class='ocrx_word' id='word_1_360' title='bbox 701 3711 782 3768; x_wconf 80' lang='lat' dir='ltr'><em>Theo</em></span> <span class='ocrx_word' id='word_1_361' title='bbox 800 3711 952 3788; x_wconf 82' lang='lat' dir='ltr'><em>Progyum.</em></span> <span class='ocrx_word' id='word_1_362' title='bbox 971 3727 998 3767; x_wconf 90' lang='lat' dir='ltr'><em>e.</em></span> <span class='ocrx_word' id='word_1_363' title='bbox 1017 3710 1047 3766; x_wconf 94' lang='grc'><em>1.</em></span> <span class='ocrx_word' id='word_1_364' title='bbox 1067 3706 1136 3766; x_wconf 70' lang='lat' dir='ltr'><em>ibib:</em></span> 
     </span>
     <span class='ocr_line' id='line_1_39' title="bbox 65 3793 1137 3873; baseline 0.002 -25"><span class='ocrx_word' id='word_1_365' title='bbox 65 3803 89 3862; x_wconf 83' lang='lat' dir='ltr'><em>p-</em></span> <span class='ocrx_word' id='word_1_366' title='bbox 102 3793 170 3863; x_wconf 87' lang='grc'><strong>148,</strong></span> <span class='ocrx_word' id='word_1_367' title='bbox 190 3797 239 3854; x_wconf 89' lang='grc'><em>15.</em></span> <span class='ocrx_word' id='word_1_368' title='bbox 260 3803 290 3853; x_wconf 86' lang='lat' dir='ltr'><em>et</em></span> <span class='ocrx_word' id='word_1_369' title='bbox 306 3797 434 3873; x_wconf 86' lang='lat' dir='ltr'><em>inprimis</em></span> <span class='ocrx_word' id='word_1_370' title='bbox 453 3815 478 3854; x_wconf 87' lang='lat' dir='ltr'><em>c.</em></span> <span class='ocrx_word' id='word_1_371' title='bbox 494 3796 522 3854; x_wconf 90' lang='grc'><strong>7.</strong></span> <span class='ocrx_word' id='word_1_372' title='bbox 542 3813 569 3873; x_wconf 91' lang='lat' dir='ltr'><em>p.</em></span> <span class='ocrx_word' id='word_1_373' title='bbox 588 3798 660 3853; x_wconf 89' lang='grc'><strong>222.</strong></span> <span class='ocrx_word' id='word_1_374' title='bbox 697 3794 792 3852; x_wconf 82' lang='lat' dir='ltr'><em>Locos</em></span> <span class='ocrx_word' id='word_1_375' title='bbox 812 3813 982 3865; x_wconf 83' lang='lat' dir='ltr'><em>eutomaoes,</em></span> <span class='ocrx_word' id='word_1_376' title='bbox 1003 3803 1137 3871; x_wconf 86' lang='lat' dir='ltr'><em>utsupra</em></span> 
     </span>
     <span class='ocr_line' id='line_1_40' title="bbox 65 3871 1136 3957; baseline 0.005 -28"><span class='ocrx_word' id='word_1_377' title='bbox 65 3871 187 3948; x_wconf 81' lang='lat' dir='ltr'><em>vibimus,</em></span> <span class='ocrx_word' id='word_1_378' title='bbox 207 3891 408 3957; x_wconf 83' lang='lat' dir='ltr'><em>composuerat</em></span> <span class='ocrx_word' id='word_1_379' title='bbox 424 3879 463 3938; x_wconf 89' lang='lat' dir='ltr'><em>M.</em></span> <span class='ocrx_word' id='word_1_380' title='bbox 480 3871 600 3950; x_wconf 76' lang='lat' dir='ltr'><em>Tattius,</em></span> <span class='ocrx_word' id='word_1_381' title='bbox 619 3879 753 3938; x_wconf 78' lang='lat' dir='ltr'><em>ediderat.</em></span> <span class='ocrx_word' id='word_1_382' title='bbox 770 3880 802 3951; x_wconf 79' lang='lat' dir='ltr'><em>Q.</em></span> <span class='ocrx_word' id='word_1_383' title='bbox 824 3879 1008 3938; x_wconf 81' lang='lat' dir='ltr'><em>Hortensius:</em></span> <span class='ocrx_word' id='word_1_384' title='bbox 1031 3889 1136 3936; x_wconf 83' lang='lat' dir='ltr'><em>utrant-</em></span> 
     </span>
     <span class='ocr_line' id='line_1_41' title="bbox 66 3963 1137 4037; baseline 0.001 -20"><span class='ocrx_word' id='word_1_385' title='bbox 66 3973 113 4030; x_wconf 83' lang='lat' dir='ltr'><em>qtte</em></span> <span class='ocrx_word' id='word_1_386' title='bbox 129 3973 254 4022; x_wconf 74' lang='lat' dir='ltr'><em>tesmmr</em></span> <span class='ocrx_word' id='word_1_387' title='bbox 268 3965 383 4037; x_wconf 74' lang='lat' dir='ltr'><em>Quietii.</em></span> <span class='ocrx_word' id='word_1_388' title='bbox 401 3968 435 4035; x_wconf 74' lang='lat' dir='ltr'><em>b,</em></span> <span class='ocrx_word' id='word_1_389' title='bbox 449 3968 479 4034; x_wconf 93' lang='grc'><strong>1,</strong></span> <span class='ocrx_word' id='word_1_390' title='bbox 499 3967 549 4022; x_wconf 92' lang='grc'><em>11.</em></span> <span class='ocrx_word' id='word_1_391' title='bbox 569 3966 646 4022; x_wconf 85' lang='lat' dir='ltr'><em>coni.</em></span> <span class='ocrx_word' id='word_1_392' title='bbox 666 3967 715 4033; x_wconf 87' lang='grc'><strong>10,</strong></span> <span class='ocrx_word' id='word_1_393' title='bbox 736 3967 764 4032; x_wconf 90' lang='grc'><em>5,</em></span> <span class='ocrx_word' id='word_1_394' title='bbox 785 3967 834 4022; x_wconf 88' lang='grc'><em>12.</em></span> <span class='ocrx_word' id='word_1_395' title='bbox 854 3967 883 4034; x_wconf 89' lang='grc'><em>2,</em></span> <span class='ocrx_word' id='word_1_396' title='bbox 902 3966 932 4034; x_wconf 84' lang='grc'><em>4,</em></span> <span class='ocrx_word' id='word_1_397' title='bbox 950 3965 1004 4022; x_wconf 89' lang='grc'><em>27.</em></span> <span class='ocrx_word' id='word_1_398' title='bbox 1032 3963 1137 4022; x_wconf 75' lang='lat' dir='ltr'><em>bisens-</em></span> 
     </span>
     <span class='ocr_line' id='line_1_42' title="bbox 65 4041 1136 4127; baseline -0.004 -21"><span class='ocrx_word' id='word_1_399' title='bbox 65 4041 106 4114; x_wconf 77' lang='lat' dir='ltr'><em>Pb&#39;l</em></span> <span class='ocrx_word' id='word_1_400' title='bbox 123 4060 271 4123; x_wconf 82' lang='lat' dir='ltr'><em>praeterea</em></span> <span class='ocrx_word' id='word_1_401' title='bbox 282 4056 389 4108; x_wconf 68' lang='lat' dir='ltr'><em>exunt</em></span> <span class='ocrx_word' id='word_1_402' title='bbox 406 4049 482 4127; x_wconf 82' lang='lat' dir='ltr'><em>apud</em></span> <span class='ocrx_word' id='word_1_403' title='bbox 495 4049 646 4107; x_wconf 84' lang='lat' dir='ltr'><em>Nicolaum</em></span> <span class='ocrx_word' id='word_1_404' title='bbox 661 4049 824 4126; x_wconf 83' lang='lat' dir='ltr'><em>Sopbistao:</em></span> <span class='ocrx_word' id='word_1_405' title='bbox 841 4050 928 4126; x_wconf 81' lang='lat' dir='ltr'><em>Prog.</em></span> <span class='ocrx_word' id='word_1_406' title='bbox 944 4069 970 4107; x_wconf 92' lang='lat' dir='ltr'><em>c.</em></span> <span class='ocrx_word' id='word_1_407' title='bbox 986 4049 1014 4107; x_wconf 89' lang='grc'><em>7.</em></span> <span class='ocrx_word' id='word_1_408' title='bbox 1030 4048 1095 4106; x_wconf 85' lang='lat' dir='ltr'><em>Vol.</em></span> <span class='ocrx_word' id='word_1_409' title='bbox 1108 4049 1136 4104; x_wconf 94' lang='grc'><em>1.</em></span> 
     </span>
     <span class='ocr_line' id='line_1_43' title="bbox 65 4131 1075 4212; baseline 0.003 -24"><span class='ocrx_word' id='word_1_410' title='bbox 65 4141 88 4198; x_wconf 81' lang='lat' dir='ltr'><em>p·</em></span> <span class='ocrx_word' id='word_1_411' title='bbox 105 4131 171 4191; x_wconf 80' lang='grc'><strong>319.</strong></span> <span class='ocrx_word' id='word_1_412' title='bbox 192 4145 221 4192; x_wconf 88' lang='lat' dir='ltr'><em>et</em></span> <span class='ocrx_word' id='word_1_413' title='bbox 238 4133 313 4212; x_wconf 86' lang='lat' dir='ltr'><em>apud</em></span> <span class='ocrx_word' id='word_1_414' title='bbox 333 4133 487 4212; x_wconf 77' lang='lat' dir='ltr'><em>Georgium</em></span> <span class='ocrx_word' id='word_1_415' title='bbox 506 4133 591 4210; x_wconf 78' lang='lat' dir='ltr'><em>Prog.</em></span> <span class='ocrx_word' id='word_1_416' title='bbox 612 4153 637 4190; x_wconf 90' lang='lat' dir='ltr'><em>c.</em></span> <span class='ocrx_word' id='word_1_417' title='bbox 657 4135 685 4191; x_wconf 87' lang='lat'><em>6.</em></span> <span class='ocrx_word' id='word_1_418' title='bbox 706 4133 808 4192; x_wconf 81' lang='lat' dir='ltr'><em>ibidem</em></span> <span class='ocrx_word' id='word_1_419' title='bbox 829 4155 855 4212; x_wconf 91' lang='lat' dir='ltr'><em>p.</em></span> <span class='ocrx_word' id='word_1_420' title='bbox 877 4135 948 4193; x_wconf 88' lang='grc'><strong>561.</strong></span> <span class='ocrx_word' id='word_1_421' title='bbox 1072 4155 1075 4164; x_wconf 57' lang='lat'>¹</span> 
     </span>
     <span class='ocr_line' id='line_1_44' title="bbox 139 4215 1135 4297; baseline -0.003 -23"><span class='ocrx_word' id='word_1_422' title='bbox 139 4221 191 4276; x_wconf 81' lang='lat' dir='ltr'><em>scd</em></span> <span class='ocrx_word' id='word_1_423' title='bbox 212 4223 309 4278; x_wconf 82' lang='lat' dir='ltr'><em>omrcia</em></span> <span class='ocrx_word' id='word_1_424' title='bbox 331 4222 480 4297; x_wconf 78' lang='lat' dir='ltr'><em>rependet</em></span> <span class='ocrx_word' id='word_1_425' title='bbox 501 4229 532 4276; x_wconf 86' lang='lat' dir='ltr'><em>ct</em></span> <span class='ocrx_word' id='word_1_426' title='bbox 551 4220 666 4294; x_wconf 54' lang='lat' dir='ltr'><em>religet.</em></span> <span class='ocrx_word' id='word_1_427' title='bbox 705 4219 856 4278; x_wconf 85' lang='lat' dir='ltr'><em>Sebutzius</em></span> <span class='ocrx_word' id='word_1_428' title='bbox 877 4218 985 4276; x_wconf 78' lang='lat' dir='ltr'><em>‹tc-suo</em></span> <span class='ocrx_word' id='word_1_429' title='bbox 1004 4215 1135 4292; x_wconf 84' lang='lat' dir='ltr'><em>scripsit:</em></span> 
     </span>
     <span class='ocr_line' id='line_1_45' title="bbox 64 4297 1137 4383; baseline 0.009 -36"><span class='ocrx_word' id='word_1_430' title='bbox 64 4297 111 4352; x_wconf 81' lang='lat' dir='ltr'><em>scat</em></span> <span class='ocrx_word' id='word_1_431' title='bbox 129 4303 233 4364; x_wconf 84' lang='lat' dir='ltr'><em>t&#39;dooea</em></span> <span class='ocrx_word' id='word_1_432' title='bbox 257 4308 396 4383; x_wconf 73' lang='lat' dir='ltr'><em>:acquiret</em></span> <span class='ocrx_word' id='word_1_433' title='bbox 414 4315 448 4366; x_wconf 86' lang='lat' dir='ltr'><em>et</em></span> <span class='ocrx_word' id='word_1_434' title='bbox 465 4305 581 4381; x_wconf 77' lang='lat' dir='ltr'><em>seligat.</em></span> <span class='ocrx_word' id='word_1_435' title='bbox 626 4302 686 4375; x_wconf 80' lang='lat' dir='ltr'><em>„Aa</em></span> <span class='ocrx_word' id='word_1_436' title='bbox 708 4306 897 4382; x_wconf 78' lang='lat' dir='ltr'><em>enpeccdeorli</em></span> <span class='ocrx_word' id='word_1_437' title='bbox 921 4303 1060 4371; x_wconf 82' lang='lat' dir='ltr'><em>officium,</em></span> <span class='ocrx_word' id='word_1_438' title='bbox 1088 4301 1137 4369; x_wconf 85' lang='lat' dir='ltr'><em>ait,</em></span> 
     </span>
    </p>
   </div>
   <div class='ocr_carea' id='block_1_5' title="bbox 0 0 1344 4974">
    <p class='ocr_par' dir='ltr' id='par_1_5' title="bbox 0 0 1344 4974">
     <span class='ocr_line' id='line_1_46' title="bbox 0 0 1344 4974; baseline 0 1"><span class='ocrx_word' id='word_1_439' title='bbox 0 0 1344 4974; x_wconf 95' lang='lat' dir='ltr'><em> </em></span> 
     </span>
    </p>
   </div>
  </div>
 </body>
</html>
