2764 4978
180 467 235 509 xtt

179 613 274 680 verba
292 611 449 679 Ciceronis
466 615 597 699 profert,
620 633 713 698 qnae,
738 635 804 678 enm
822 615 853 677 in
869 613 954 697 libris
972 614 1182 699 superstitibus
1198 635 1262 680 non

177 701 385 785 reperiantur,
414 700 491 762 laiso
510 700 580 764 inde
602 700 758 763 collectum
776 709 841 778 est,
865 720 902 764 ea
923 701 955 763 in
977 700 1061 764 lihris
1083 699 1263 764 Rhetorioo·

134 865 136 870 Ι
180 807 247 852 rum
267 785 429 871 deperditis
450 785 556 848 luisse.
601 784 646 847 m
665 782 871 866 Quintilianus
893 807 960 848 cum
982 786 1057 848 alias
1080 786 1112 849 in
1133 785 1266 852 efferor·

182 872 227 934 dis
245 871 319 948 locis
337 871 516 954 scriptorum
534 889 638 956 parum
656 871 784 953 diligens
801 861 859 948 est,
883 881 946 933 tum
963 891 1001 934 eo
1018 871 1083 954 ipso
1100 871 1179 950 loco,
1203 891 1263 954 qno

182 955 373 1040 Spaldingius
391 976 463 1018 usus
481 954 603 1036 est⁶⁵),
627 955 744 1038 prolata
760 965 902 1038 tanquam
919 977 960 1018 en
974 954 1105 1019 Oratore
1123 957 1159 1019 de
1176 955 1263 1039 quin-

182 1063 239 1124 que
256 1041 390 1126 partihns
408 1039 553 1104 orationis
571 1061 632 1104 non
649 1039 702 1116 ibi,
721 1041 775 1104 scd
792 1040 823 1103 in
840 1040 925 1104 libris
943 1042 979 1106 de
998 1039 1190 1124 Oratore⁶⁶)
1207 1062 1263 1106 ex-

181 1137 258 1190 tant.
304 1123 385 1209 Quin
407 1135 472 1188 tota
492 1123 550 1187 loci
577 1124 657 1188 illius
679 1123 876 1208 Quintilianci
901 1125 1053 1188 sententia
1077 1125 1165 1190 vaide
1191 1147 1264 1190 con·

182 1222 321 1275 troversa
346 1221 404 1274 est.

267 1311 395 1396 Quando
413 1312 464 1395 qui
480 1321 588 1375 extant
604 1312 673 1374 lihri
694 1313 731 1375 de
753 1309 931 1376 Inventione
953 1309 1057 1396 scripti
1078 1313 1155 1392 sint,
1179 1323 1263 1376 certo

182 1398 297 1462 delmiri
320 1398 433 1480 nequit.
479 1395 637 1462 Schiitzius
655 1398 772 1480 quidem
785 1399 838 1481 61)
855 1398 1039 1482 conscriptes
1057 1417 1124 1462 esse
1141 1399 1265 1482 putabat

182 1485 263 1548 intra
281 1504 376 1545 annos
394 1481 433 1546 U.
454 1485 517 1544 664
534 1484 604 1566 (90)
622 1495 653 1546 et
669 1487 731 1545 667
750 1481 836 1568 (87),
861 1481 925 1546 sive
942 1483 1024 1545 intra
1041 1502 1137 1546 annos
1155 1483 1263 1546 aetatis

182 1568 338 1653 scriptoris
349 1571 389 1630 17
407 1577 438 1630 et
455 1573 513 1644 ²03
541 1577 574 1630 at
590 1566 820 1652 Purgoldusfl)
837 1569 964 1630 affirmat
981 1589 1033 1631 eos
1050 1569 1177 1652 scriptos
1195 1587 1264 1631 esse

179 1655 264 1718 intra
281 1673 377 1716 annos
395 1651 434 1716 U.
453 1656 518 1714 670
534 1652 605 1750 (84)
623 1665 653 1716 et
670 1657 733 1715 672
751 1654 838 1799 382),
863 1654 927 1716 sive
944 1653 1026 1715 intra
1043 1673 1137 1716 annos
1155 1653 1264 1715 aetatis
1330 1722 1334 1733 ¹

180 1743 225 1802 23
243 1749 274 1801 et
290 1743 344 1801 to.
394 1737 478 1820 Quas
505 1738 659 1822 opiniones
682 1738 752 1800 Han
772 1738 884 1821 ius⁶⁹)
914 1745 1007 1821 negat
1032 1739 1091 1800 alia
1116 1757 1264 1820 quaquam

103 1855 108 1863 ·
177 1825 301 1888 ratione
327 1821 399 1902 niti,
436 1821 494 1885 nisi
518 1823 679 1887 verborum
705 1825 821 1908 pueris
848 1827 907 1886 ont
934 1823 1262 1904 odoteoeeotntiow),

183 1910 291 1994 quihus
313 1905 422 1972 Cicero
444 1909 549 1985 utitur,
574 1909 724 1971 scribens:
759 1929 842 1994 quoe
860 1911 976 1992 poesis
998 1919 1059 1971 ortt
1077 1909 1266 1971 odolescen-

186 1995 264 2060 tulis
288 1993 383 2056 nodis
409 2013 454 2055 eor
479 1994 749 2056 commentariolis
774 1995 896 2056 nostris
921 1993 1075 2056 inchoato
1102 2011 1142 2056 oc
1168 1993 1265 2056 rudia

86 2145 93 2156 ,
187 2079 392 2155 ceciderant,
416 2089 448 2141 et
463 2079 569 2156 libros,
593 2079 629 2141 de
647 2079 753 2161 quibus
771 2079 937 2161 quaeritur,
961 2079 1145 2162 significans.
1178 2076 1266 2160 Quod

112 2190 117 2198 ·
186 2175 286 2228 antem
312 2163 582 2247 Quintiliannsfl)
609 2163 701 2226 libros
727 2161 907 2228 Rhetoricos
935 2164 999 2228 sire
1025 2165 1061 2226 dc
1087 2161 1266 2226 inventione

184 2251 271 2313 velut
291 2259 429 2333 regestas
451 2249 482 2310 in
506 2250 752 2326 commentarios,
785 2270 859 2331 qnos
882 2249 1057 2314 adolescens
1078 2248 1264 2323 deduxisset,

176 2335 309 2412 vscholas,
332 2333 424 2411 dixit,
457 2332 681 2415 Schiitziusll)
708 2335 762 2397 has
789 2333 906 2398 scholas
932 2335 1073 2417 intelligit
1099 2331 1294 2417 Gniphonis·

176 2421 292 2483 luisse.
339 2417 435 2502 Quem
453 2419 479 2481 si
497 2415 606 2482 Cicero
624 2441 684 2481 non
703 2429 772 2482 ante
789 2429 958 2504 praeturam
978 2419 1102 2497 audivit,
1127 2429 1161 2481 ut
1177 2437 1283 2502 supra»

186 2506 373 2582 dictumest,
397 2503 568 2566 Rhetoricis
587 2504 651 2567 eius
669 2505 751 2566 nullo
769 2505 855 2566 modo
874 2505 993 2566 scholae
1013 2503 1180 2588 Gniphonis
1198 2503 1267 2565 suh·
1379 2501 1380 2538 ³

135 2619 139 2624 ·
188 2611 256 2653 esse
279 2590 359 2652 credi
381 2589 581 2673 possuntfl‘).
631 2587 753 2652 Certius
780 2589 921 2667 hahetur,
953 2600 1106 2651 auctorem
1131 2587 1268 2672 inprimis
1379 2601 1380 2630 ³

187 2675 383 2739 Aristotelem
405 2685 436 2736 et
451 2673 706 2758 Theophrastum,
730 2685 850 2758 practer
870 2694 907 2736 ea
928 2695 1004 2757 quac
1028 2675 1065 2735 eh
1085 2671 1159 2757 ipsis
1181 2693 1280 2756 prae.

189 2759 358 2844 ceptorihus
392 2760 568 2851 audiverat,
605 2769 740 2824 secutum
775 2777 842 2822 esse
855 2759 922 2839 u),
968 2769 999 2821 et
1034 2769 1153 2823 veteres
1191 2757 1267 2820 scri-

190 2925 404 2938 u———o-——m

257 3023 293 3085 ι5)
311 3025 333 3084 ς.
347 3027 371 3084 1,
390 3025 433 3073 utri
450 3025 500 3073 rid.
517 3025 647 3087 Spalding.
664 3025 691 3073 in
707 3025 776 3074 notis
795 3025 900 3074 criticis.

256 3091 294 3154 σε)
312 3097 336 3153 1,
356 3097 397 3153 at,
417 3097 474 3142 113.

257 3159 293 3223 ⁸⁷)
314 3165 342 3210 ln
366 3164 492 3223 prioribus
515 3163 703 3224 prolegomenis
724 3179 748 3225 p.
762 3164 802 3210 tt.
837 3165 905 3212 idem
928 3164 954 3210 in
975 3159 1270 3212 ¹tlem01·abilibusritae

123 3247 131 3254 ·
190 3231 321 3278 Ciceronis
343 3246 390 3291 per
412 3246 494 3280 astrios
515 3232 620 3292 digestis
643 3235 726 3291 (pone
744 3247 822 3292 opera
840 3233 896 3279 tot.
910 3235 950 3278 2⁰.
969 3248 992 3294 p.
1007 3233 1080 3291 stt.)
1103 3231 1270 3290 scriptionem

189 3299 383 3347 Rhetoricorum
401 3301 481 3347 refert
499 3300 530 3346 od
548 3315 571 3347 s.
590 3301 619 3346 U.
637 3303 687 3347 668
705 3301 762 3362 (86)
780 3316 803 3348 a.
821 3301 914 3348 aetatis
932 3303 972 3346 21.
1018 3321 1021 3327 ,

257 3364 292 3428 ⁶⁸)
310 3369 383 3414 Obss.
401 3369 469 3415 critt.
487 3384 511 3428 p.
526 3370 583 3414 stt.

257 3431 293 3494 ε9)
311 3450 331 3482 s.
349 3451 372 3482 v.
390 3437 480 3483 Cicero
497 3451 521 3496 p.
535 3439 592 3482 2117.

258 3502 294 3562 ⁷⁰)
312 3505 365 3552 Cic.
383 3505 414 3550 de
430 3507 504 3552 Oret.
518 3507 543 3564 1,
561 3508 585 3565 2,
604 3508 628 3552 5.

257 3569 522 3632 wionem

257 3637 294 3700 ⁷²)
314 3643 344 3688 ln
366 3641 496 3702 prooemio
518 3641 545 3688 in
566 3640 718 3700 scriptorem
738 3637 771 3686 ad
791 3639 946 3686 Herennium
964 3653 988 3698 p.
1000 3637 1076 3686 txtt.
1097 3649 1176 3698 prope
1196 3637 1272 3688 inem

191 3707 242 3771 (ed.
259 3711 305 3769 2.).
850 3713 854 3722 “

259 3771 295 3838 ¹⁸)
313 3777 433 3826 Ceterum
450 3775 510 3824 huic
527 3775 657 3834 (tntptout
673 3775 810 3822 Schdtsins
824 3775 842 3822 l.
857 3789 879 3821 c.
896 3789 920 3834 p.
930 3775 1007 3822 LVlll
1016 3787 1069 3833 sqq.
1087 3775 1176 3822 tribuit
1193 3775 1272 3821 libros
1376 3829 1377 3840 ¹

189 3844 224 3898 ss
240 3845 406 3894 nem-tum.
431 3845 504 3894 cont
521 3843 602 3892 Hand.
620 3857 640 3890 s.
658 3858 681 3890 r.
698 3845 788 3890 cicero
805 3845 902 3902 [1218.
934 3843 1071 3890 Cornificio
1088 3843 1179 3890 tribuit
1196 3843 1271 3902 Spel-

190 3913 251 3973 ding
268 3913 300 3960 ed
317 3913 425 3968 Quintil.
443 3915 466 3970 3,
485 3916 510 3969 1,
529 3915 569 3958 21.
586 3912 643 3958 Vol.
653 3914 676 3958 1.
692 3925 718 3971 p.
731 3913 790 3958 ⁴³5.
823 3911 893 3968 ‚ttae
910 3911 1018 3958 eundem
1035 3911 1069 3959 sd
1086 3915 1110 3972 o,
1129 3915 1153 3971 s,
1172 3913 1212 3955 81.
1231 3913 1273 3957 98.

189 3981 246 4029 Vol.
262 3984 285 4028 3.
301 3997 325 4040 p.
341 3985 388 4028 511
400 3995 436 4039 sq.
454 3984 480 4026 et
498 3995 521 4038 p.
536 3981 593 4026 1211.

235 4047 295 4111 1¹⁴)
314 4051 368 4098 ilos
385 4053 473 4109 petere
491 4061 522 4094 ex
543 4048 596 4094 Cic.
614 4047 644 4094 de
662 4047 784 4106 nivino,
803 4050 828 4106 1,
846 4047 870 4104 t,
890 4045 1273 4098 commmentatores

190 4120 243 4164 lnr.
258 4121 282 4178 2,
302 4121 342 4173 111,
361 4119 402 4163 43.
421 4119 461 4174 38,
481 4118 538 4162 tot.
557 4116 660 4174 scripsit
676 4115 817 4162 hlaercker.
839 4117 869 4162 de
883 4117 1020 4164 Theodect.
1038 4129 1061 4174 p.
1075 4117 1107 4160 13
1122 4129 1158 4172 sq.
1170 4116 1234 4162 adn.
1249 4117 1272 4160 ’1.

190 4187 284 4232 t'erum
304 4185 329 4232 id
347 4185 404 4232 inde
422 4184 531 4246 morture,
541 4187 620 4242 petet,
639 4189 665 4230 ct
681 4184 746 4232 loeis
764 4185 795 4230 de
809 4186 958 4232 inventione
971 4185 1038 4232 leisc
1047 4183 1166 4230 indicatis
1177 4197 1208 4228 ne
1220 4198 1273 4229 me-

190 4261 324 4301 morantur
342 4254 442 4312 quidem
461 4253 499 4298 illi
516 4253 662 4312 scriptores.
694 4253 844 4312 Quasiqusm
864 4253 918 4312 ipsa
936 4267 976 4299 res
995 4257 1071 4298 entra
1089 4251 1272 4298 dubitationem

190 4323 275 4381 posita
297 4326 343 4367 est.
383 4319 522 4370 Praetereo
543 4322 570 4368 in
592 4321 709 4368 doctrine
726 4322 757 4368 de
775 4321 934 4368 iudicialibus
952 4319 1135 4367 controversiis
1153 4333 1214 4366 usos
1233 4323 1273 4364 eet
