2764 4978
213 469 261 538 ue
656 459 852 534 ouuuon

212 673 365 721 numerus
389 641 562 742 [Latine]
583 642 734 742 (Graece
752 641 916 747 ῥυθμός)
938 649 1049 722 inesse
1067 649 1210 751 dicitur..
1233 651 1302 725 Ni-

211 753 274 822 mis
296 751 383 824 eniru
404 750 598 822 insidiarum
621 751 663 822 ad
684 753 863 848 capiendas
881 752 971 824 auris
988 752 1139 825 adlrilneri
1156 754 1299 846 videtur,

160 912 166 920 .
210 855 241 925 si
259 854 359 926 etiam
375 854 410 924 in
428 853 568 924 dicendo
586 855 715 924 numeri
736 855 778 926 ab
802 863 933 926 oratore
957 864 1169 950 quaeruntur.
1221 856 1300 928 lloc

210 955 289 1026 freti
317 955 375 1027 isti
400 964 433 1028 et
462 955 527 1052 ipsi
558 955 702 1026 infracta
728 965 761 1028 et
785 965 954 1053 amputata
978 957 1156 1052 loquuntur
1182 967 1216 1030 et
1243 984 1299 1031 eus

124 1079 130 1090 ’
209 1059 409 1154 vituperant,
436 1058 492 1154 qui
519 1067 596 1154 epta
621 1067 655 1128 et
678 1057 773 1130 finita
797 1059 1023 1154 pmnuntiant.
1077 1056 1119 1131 Si
1141 1061 1298 1134 inanibus

209 1161 319 1232 verbis
341 1159 531 1256 levibusque
556 1161 745 1254 sententiis,
771 1160 858 1232 iuras
885 1161 938 1232 sin
959 1159 1083 1257 probae
1108 1185 1180 1254 res,
1207 1163 1297 1236 lectu

209 1265 322 1355 verba,
340 1263 418 1358 quid
433 1271 483 1334 est
495 1285 556 1334 our
568 1262 723 1334 claudere
740 1271 798 1334 ent
813 1263 966 1334 insistere
980 1264 1163 1336 orationem
1176 1265 1298 1336 malint

209 1389 306 1460 quam
328 1389 401 1436 curn
424 1363 585 1436 sententia
607 1365 731 1460 pariter
752 1362 954 1436 excurrere?
1005 1364 1075 1438 Hie
1096 1367 1183 1438 enim
1206 1368 1295 1439 invi-

164 1473 172 1537 ἶ
209 1467 320 1539 diosus
342 1459 497 1538 nurnerus
518 1465 602 1538 niluil
623 1467 720 1558 affert
741 1467 848 1558 aliud,
874 1467 1003 1538 nisi'nt
1023 1467 1067 1539 sit
1088 1477 1163 1566 apte
1185 1471 1296 1542 verbis

209 1569 445 1667 comprehensu
474 1569 653 1642 sententiar
682 1569 771 1664 qnod
796 1569 834 1640 fit
858 1569 956 1640 etium
985 1569 1027 1640 alu
1059 1571 1204 1666 antiquis
1237 1571 1295 1644 sed

204 1671 398 1768 plerumque
424 1694 519 1760 casu,
546 1694 645 1767 saepe
670 1680 808 1761 netura3
835 1680 867 1744 et
892 1695 976 1766 quae
997 1671 1093 1744 valde
1115 1673 1295 1746 laudantur

143 1793 200 1852 1⁷1
214 1774 300 1871 apud
321 1774 415 1865 illos,
437 1797 478 1844 ea
497 1773 584 1864 fere,
611 1774 687 1868 quio
709 1782 785 1844 suunt
805 1773 978 1866 conclusa,
1003 1775 1192 1851 laudantur.
1247 1775 1295 1847 Et

80 1891 87 1926 ¹
208 1877 296 1973 opud
314 1874 465 1949 Graecos
486 1876 616 1972 quidem
638 1876 705 1946 iam
727 1877 806 1948 artui
827 1899 930 1973 prope
951 1876 1181 1973 quadringenti
1202 1886 1293 1968 snut,

208 2003 283 2050 cnm
309 1978 373 2048 lroo
397 1977 570 2074 proluatur3
596 2002 657 2050 nus
679 2003 784 2074 nuper
804 1979 1008 2074 agnovimus.
1059 1976 1291 2075 Ergollnuio

206 2081 303 2152 licuit
318 2089 430 2152 vetera
446 2079 668 2152 contemnenti
686 2079 817 2152 dicerer

321 2207 359 2274 V
356 2208 486 2289 ersiba’,
508 2211 589 2296 quos
607 2209 682 2276 olim
699 2209 809 2273 Fauni
822 2200 977 2298 cutesque
995 2210 1176 2292 ecnebuutp

130 2333 140 2358 ⁹
164 2383 171 2398 ·
206 2333 286 2409 milri
303 2335 343 2407 de
361 2335 502 2432 antiquis
521 2335 634 2407 eodem
652 2335 747 2407 ruodo
765 2361 832 2408 non
848 2333 983 2408 licebit?
1001 2337 1195 2434 praesertim
1214 2361 1289 2410 oum

206 2439 352 2512 dicturus
370 2462 436 2508 non
454 2439 515 2508 sim
533 2437 763 2534 Arate-uene,
782 2447 818 2510 ut
834 2439 908 2531 ille,
927 2463 989 2511 nec
1007 2464 1091 2535 quae
1108 2449 1289 2536 sequuntur

205 2543 283 2616 Nos
310 2539 399 2613 ausi
416 2539 619 2611 reserare?
668 2539 758 2637 Legi
784 2541 871 2612 enim
898 2541 1070 2638 audivique
1096 2541 1287 2634 nonnullos,
1364 2617 1365 2624 χ

204 2669 339 2740 quuuum
356 2641 587 2740 pu‘opcmodum
605 2643 753 2714 absolute
771 2643 1021 2716 concluderetur
1038 2645 1171 2715 oratius
1189 2643 1287 2736 Quod
1363 2635 1365 2784 p

204 2747 259 2842 qui
277 2771 343 2817 uon
360 2752 512 2842 possunt,
536 2769 602 2816 non
625 2754 675 2816 est
696 2746 743 2816 eis
766 2745 846 2815 satis
869 2764 934 2816 nou
953 2746 1132 2838 contemni,
1154 2746 1286 2818 landari

203 2849 301 2921 etiam
323 2848 447 2918 volunt.
499 2843 575 2942 Ego
598 2854 706 2919 antem
723 2845 800 2918 illos
817 2846 906 2944 ipsos
923 2847 1021 2919 laudo
1039 2845 1136 2944 idque
1153 2851 1284 2940 merito,

92 2943 94 2948 ¹
202 2976 340 3048 quornm
362 2975 399 3021 se
420 2945 476 3021 isti
497 2947 678 3020 imitatores
701 2973 773 3021 esse
796 2949 924 3042 dicunt,
948 2951 1010 3021 etsi
1029 2950 1065 3021 in
1087 2950 1135 3022 c'is
1158 2949 1283 3048 aliquid
1364 3039 1365 3046 ἵ

202 3053 367 3142 desideum
393 3051 453 3124 ltus
474 3076 551 3123 vero
573 3052 721 3144 minime,
744 3051 800 3147 qui
821 3050 903 3122 nilril
928 3050 1061 3124 illorum
1081 3052 1147 3124 nisi
1168 3053 1283 3124 vitium
1364 3051 1365 3068 ³

200 3163 395 3252 sequuntur,
418 3179 492 3226 cnm
510 3177 530 3223 a
548 3153 643 3226 bonis
662 3154 772 3226 absint
787 3155 991 3251 longissime.

134 3319 195 3379 172
303 3306 371 3380 LI.
423 3307 519 3398 Quod
542 3307 571 3378 si
593 3307 681 3378 auris
698 3315 766 3379 tam
782 3307 977 3380 inhumanas
993 3313 1124 3404 tamque
1139 3306 1281 3403 agrestis

199 3411 337 3501 habent,
368 3433 410 3480 no
441 3408 701 3480 doctissimorum
731 3410 861 3505 quidem
885 3410 1029 3482 virorum
1056 3433 1112 3482 eos
1137 3411 1281 3482 movebit
1362 3375 1364 3506 l

199 3507 404 3584 auctoritas?
457 3508 583 3584 Omitto
604 3510 786 3583 Isocratem
809 3511 1051 3608 discipulosque
1073 3511 1143 3584 eius
1160 3511 1280 3609 Epluo·
1363 3553 1364 3576 r

58 3619 60 3624 ’
178 3602 271 3686 'rum
306 3624 340 3688 et
372 3611 594 3704 Naucratem,
628 3637 813 3709 quanquam
847 3614 1005 3686 orationis
1034 3612 1212 3688 tacienuae
1246 3621 1279 3688 et

199 3717 367 3797 ornandae
388 3724 538 3817 auctores
559 3714 808 3811 locupletissimi
833 3716 1014 3812 summique
1039 3715 1104 3813 ipsi
1129 3725 1277 3790 oratores

199 3841 272 3892 esse
298 3818 452 3891 debeant.
502 3814 574 3902 Sed
599 3817 670 3914 quis
696 3817 840 3890 omnimn
866 3819 1008 3910 doctior,
1038 3818 1110 3914 quis
1136 3820 1276 3910 acutior,

198 3922 270 4018 quis
290 3921 327 3992 in
347 3921 447 3992 rebus
471 3919 525 3991 vel
546 3919 749 3992 inveniendis
773 3920 827 3991 vel
851 3919 1035 3994 iudicandis
1059 3921 1171 3992 acrior
1191 3919 1276 3992 Ari·

197 4023 315 4096 stotele
336 4019 424 4093 tritt
446 4022 519 4118 quis
534 4046 633 4119 porro
650 4019 795 4094 Isocrati
805 4030 863 4100 ¹est
879 4023 1069 4094 adversatus
1085 4017 1273 4094 infensius?

196 4123 234 4204 Is
255 4125 356 4221 igitur
376 4147 505 4196 versum
527 4126 563 4196 in
584 4125 732 4197 oratione
753 4131 843 4196 vetat
864 4117 952 4215 esse,
979 4149 1150 4196 nnmemm
1171 4125 1272 4196 iubet.

195 4225 282 4300 Eius
308 4225 437 4300 auditor
462 4224 671 4299 Theodectes
696 4226 846 4322 inprimis
872 4224 925 4318 (ut
948 4218 1148 4300 Aristotcles
1174 4247 1271 4321 saepe

195 4324 378 4425 significat)
394 4328 515 4426 politus
532 4329 674 4425 scriptor
690 4336 787 4424 atque
804 4327 926 4402 audien
941 4327 1005 4400 hoe
1021 4327 1108 4408 idem
1125 4335 1158 4400 et
1174 4325 1271 4400 sentit
