2710 4996
214 461 293 524 ,884
389 454 649 515 commoturum
670 460 710 514 ΙΝ
729 459 921 516 CICERONIS
939 462 1150 518 ORATOREM.
1279 492 1287 541 χ

309 643 342 694 et
361 635 539 694 trochaeum.
575 633 657 694 Hunc
676 634 782 693 Cicero
800 634 902 694 inhec
921 635 996 695 iibrn
1015 646 1151 715 perpetuo
1168 637 1280 716 inteiligit

223 720 299 778 ilium
324 719 439 798 pedem,
468 739 549 798 quern
576 739 629 778 nos
655 719 835 798 tribrachyn,
861 729 892 779 ut
914 741 940 779 c.
958 722 1013 792 64,
1038 723 1280 782 araneantes

223 807 351 883 quidem,
381 808 433 882 qui
453 815 534 864 este
557 805 641 863 dreni
661 815 693 862 et
714 807 819 881 longe,
847 815 903 864 661
920 825 982 884 pur
1004 808 1111 866 eboreo
1139 809 1280 878 16661666,

222 893 275 968 qui
298 892 390 948 16161
414 899 474 949 tres
500 890 614 961 breues,
647 891 701 948 sed
730 893 827 967 spntr'o
853 910 927 967 par,
959 899 1020 950 666
1044 893 1174 969 syllabis.
1215 891 1279 951 Addo

222 995 248 1033 c.
269 975 323 1046 67,
343 977 413 1036 193.
433 977 505 1034 194.
529 974 565 1033 66
584 974 663 1033 Orat.
683 976 716 1046 3,
735 975 791 1046 47,
812 977 883 1035 182.
912 975 1028 1048 Quintit.
1047 979 1080 1048 9,
1098 982 1133 1048 4,
1152 980 1200 1036 82.
1225 978 1281 1036 Cae·

221 1061 279 1119 sius
298 1060 401 1120 Bassus
424 1081 451 1138 p.
471 1061 565 1119 2666.
585 1059 620 1118 66
642 1059 809 1140 tribrachyn
833 1061 983 1138 loquensz.
999 1065 1103 1122 Cicero
1123 1065 1158 1122 de
1179 1065 1280 1122 Oratore

223 1145 388 1222 (Santcnius
412 1145 448 1204 ad
470 1146 636 1206 Terentian.
657 1144 750 1204 Maur.
764 1141 800 1223 p.
821 1147 893 1205 106.
917 1146 1064 1206 emendat:
1090 1169 1153 1208 enm
1175 1150 1204 1207 16
1226 1150 1281 1206 066-

100 1227 122 1250 ”
221 1234 410 1308 1666161166
430 1233 598 1290 trochaeum
617 1232 788 1310 appellauit.
821 1232 951 1292 Chorens
968 1243 1063 1293 autent
1082 1233 1214 1292 Ciceroni
1230 1251 1281 1290 con-

220 1327 276 1376 stat
298 1337 335 1375 cx
356 1317 445 1394 longa
467 1316 609 1375 etbrevi.
638 1317 754 1388 Quintil.
777 1318 811 1388 9,
833 1321 869 1388 4,
892 1319 944 1376 80.
979 1317 1063 1395 Ergo
1087 1339 1151 1378 cem
1173 1326 1282 1376 coartent

219 1412 347 1481 quatuor
374 1404 467 1480 pedes
495 1401 587 1473 11616,
620 1412 686 1464 6616
715 1403 824 1461 termas.-
854 1403 1014 1479 rpomdeum
1045 1404 1145 1481 longis
1174 1401 1279 1473 666166,

213 1489 431 1566 pyrrhichium,
462 1507 543 1565 quem
568 1489 625 1546 nlei'
643 1487 830 1565 pariambum
852 1497 972 1558 666661,
1001 1488 1154 1562 16661666·
1181 1488 1280 1546 iambum

214 1573 304 1632 dreet'
328 1574 492 1651 longaque5
521 1573 589 1631 duic
612 1575 795 1632 centrarium
819 1593 835 1630 e
859 1573 951 1650 longo
978 1583 1011 1631 et
1035 1574 1132 1646 dreni,
1160 1575 1281 1641 odorrem,

216 1677 291 1729 666,
306 1669 359 1716 61
387 1659 454 1728 olii,
487 1659 656 1716 trochaeum
687 1660 875 1718 6661661666.
918 1655 1004 1733 „Alii
1037 1669 1139 1718 contra
1170 1658 1281 1718 eboreum

117 1797 119 1802 ,
217 1702 338 1803 eundem
358 1741 462 1814 dicunt,
483 1761 566 1822 quern
584 1740 760 1844 tribrachyn,
780 1753 812 1800 ut
830 1742 949 1822 Dionys.
970 1742 1032 1802 1161.
1053 1741 1088 1802 66
1110 1743 1142 1804 C.
1157 1743 1192 1804 V.
1211 1743 1282 1802 617.

215 1849 244 1908 p.
264 1831 335 1888 106.
355 1825 491 1888 beisino
514 1828 566 1907 μὲι
582 1823 683 1909 ydrae}
700 1825 822 1889 6666616
839 1825 975 1924 βραχειῶν
992 1825 1146 1906 συνιοτῴς,
1160 1821 1282 1906 notoriae

213 1936 262 1986 ιος
287 1911 359 1974 dh
345 1907 402 1974 666
426 1933 508 1973 rorem
534 1925 654 2013 χορειος,
682 1915 830 1995 τρίβραχυς
855 1913 933 1984 ποῦς.
979 1912 1176 1992 Hephaestion
1201 1935 1226 1993 p.
1245 1915 1280 1972 11.

213 1995 402 2081 upiyipuyor,t
389 2019 405 2058 ο
424 2000 474 2058 καὶ
490 2010 603 2080 χορεῖος,
624 1999 740 2106 eiusque
757 1999 932 2058 Scholiastcs
949 2019 976 2076 p
993 1997 1075 2058 82.
1062 2021 1078 2060 6
1098 2011 1204 2081 χορεῖος
1220 1995 1233 2058 ὁ
1247 1997 1282 2058 καὶ

213 2089 362 2188 τρίβραχυς
380 2094 410 2142 61
428 2083 531 2144 Castor
554 2107 584 2146 ιι.
602 2105 679 2166 perp.
698 2088 793 2194 ρ’χαορ.
814 2083 901 2162 (apud
919 2084 1015 2142 Waiz.
1034 2085 1102 2144 Vol.
1123 2088 1153 2146 3.
1172 2106 1198 2165 p.
1215 2085 1280 2152 714.)

215 2193 231 2231 6
259 2193 312 2252 χαρ
338 2182 444 2272 χορεῖος
470 2163 587 2249 δυνάμει
612 2182 745 2271 τροχαῖος
766 2175 855 2236 darer
881 2171 915 2228 61
938 2163 993 2269 ydra
1019 2163 1080 2232 666
1098 2174 1224 2252 βραχεῖαι
1244 2164 1282 2229 roi

214 2259 325 2340 χορείου
347 2259 483 2317 ποιοῦσαι
504 2259 572 2335 μίαν
588 2253 702 2338 μακρὰν
720 2252 891 2316 ἀποτελοῦσι
910 2249 989 2316 adda
1007 2261 1038 2318 ἐκ
1055 2256 1171 2340 μακρᾶς
1187 2251 1281 2334 dmoipu

203 2344 264 2426 ἱ661
279 2345 444 2426 βραχιίαςβ
477 2341 611 2402 11166666.
631 2341 667 2400 66
685 2339 795 2420 Τ6666.
813 2361 842 2420 p.
862 2341 913 2400 78.
925 2339 997 2422 666.
1016 2346 1057 2410 4,,

302 2503 434 2522 .........
419 2443 1011 2522 6666661661661661616.86661666
1031 2459 1122 2520 edidit
1143 2468 1283 2540 temperate

190 2550 360 2609 'breuitate
389 2557 421 2606 61
439 2550 625 2628 procerttate
650 2545 842 2623 syllabarum.
877 2543 1142 2617 „Emendationem
1170 2557 1282 2612 nostran,

211 2636 264 2706 ait,
283 2632 530 2692 confirmatiocus
549 2631 664 2706 Quintil.
682 2633 712 2702 9,
731 2634 761 2702 4,
781 2630 832 2688 87.
858 2631 1020 2690 1166166ιί6
1035 2653 1184 2710 paeonem
1199 2646 1283 2710 sequn-

214 2729 264 2779 tur
280 2720 475 2797 11616666-
493 2719 710 2796 dactylumque,
733 2727 769 2776 61
785 2719 1014 2788 temperatiores
1032 2717 1171 2778 breuibus
1189 2737 1222 2778 ae
1237 2717 1284 2776 ion-

203 2806 293 2884 .go's.“
339 2802 397 2864 Sed
416 2805 539 2864 fortasse
558 2804 604 2862 hie
621 2803 750 2862 brevium
774 2800 896 2860 maxime
920 2803 948 2862 in
971 2813 1093 2881 utroque
1116 2801 1282 2883 66666116-

214 2889 311 2949 basum
331 2889 404 2948 ratio
422 2889 557 2960 babetur,
582 2908 636 2979 quo
655 2888 774 2966 respicit
792 2906 914 2966 sequens
930 2889 1101 2966 proclamas.
1149 2889 1196 2948 Ad
1212 2882 1283 2946 tardi-

212 2985 301 3035 tatem
323 2975 369 3034 vel
388 2968 564 3054 gravitatem
586 2963 691 3051 longae
714 2972 842 3054 syllabae
869 2975 995 3060 propria
1008 2975 1050 3032 vis
1073 2974 1158 3032 verbi
1182 2973 1282 3032 1661161

214 3048 286 3120 Bu!
318 3059 373 3130 Pro
404 3061 548 3120 breuitate
575 3057 734 3118 Burchardi
764 3059 901 3140 proposui
939 3046 1101 3137 gravitate.
1140 3059 1203 3120 Una
1226 3055 1283 3116 ratio

189 3154 192 3160 '
216 3145 343 3206 Schntzii
363 3145 519 3225 probabilis
539 3155 592 3204 est.
1156 3171 1159 3180 ν

201 3261 204 3268 ’
248 3307 249 3310 ,
300 3259 332 3308 61
352 3249 501 3308 11661666.
539 3245 626 3306 lmtno
644 3245 823 3327 tribrachye,
847 3248 913 3326 quia
932 3245 1002 3305 dicit
1024 3265 1089 3307 esse
1112 3268 1130 3306 e
1155 3243 1282 3310 breuibus,

214 3333 316 3434 quod’
308 3351 336 3394 un
355 3334 493 3393 trochaeo
512 3353 569 3392 non
589 3343 643 3392 est.
670 3330 742 3392 Enu.
778 3332 869 3392 Recte
888 3342 1030 3411 repugnat
1050 3331 1170 3392 Santen.
1191 3329 1283 3390 6616-

213 3421 335 3478 rentian.
353 3417 445 3478 Maur.
463 3441 491 3498 p.
510 3421 596 3491 106.,
621 3438 703 3497 quum
727 3429 829 3477 auctor
850 3419 914 3495 ipso
936 3437 962 3477 6.
982 3418 1035 3490 57,
1055 3419 1283 3479 193194111-

214 3505 332 3564 chaenm
359 3505 427 3565 satis
454 3516 553 3584 aperte
577 3503 686 3566 indicet
708 3504 768 3562 sibi
784 3503 951 3592 tribrachyn
975 3522 1050 3564 csse.
1093 3501 1181 3562 Adde
1204 3521 1229 3560 r.
1245 3500 1283 3564 64,

112 3621 115 3628 ·
213 3590 284 3648 217.
304 3601 334 3649 61
352 3588 488 3650 adnotata
509 3591 592 3670 paulo
612 3589 754 3667 superius.

299 3711 440 3788 eloazgo
465 3717 623 3768 constaret.
650 3705 762 3786 Meyer.
783 3727 800 3767 e
824 3708 881 3768 suis
905 3705 1003 3780 6666.
1033 3707 1153 3788 quibus
1149 3703 1285 3767 accedunt

212 3794 292 3854 Eius.
312 3806 342 3854 61
358 3795 452 3866 Μ66.,
475 3795 601 3853 restituit
620 3814 635 3852 e
653 3794 761 3871 lorgis.
796 3793 855 3851 Alii
876 3793 922 3852 vel
945 3795 1044 3870 leugis
1066 3793 1112 3853 vel
1132 3813 1172 3851 aar
1190 3788 1283 3866 longui.

213 3881 296 3939 Conf.
321 3881 347 3960 ξ.
366 3883 437 3940 198.
482 3879 604 3952 „Totum
630 3879 755 3937 fortasse
783 3879 825 3938 sie
842 3877 1050 3938 scribendum.
1080 3879 1227 3958 qaodt
1182 3877 1285 3936 ultore

213 3967 310 4044 longis
333 3973 448 4025 constet
469 3964 549 4043 (nam
568 3973 721 4025 constaret
739 3961 833 4023 iocum
851 3983 908 4024 666
926 3963 1089 4038 babet),u
1091 3965 1149 4022 lter
1167 3982 1184 4019 e
1203 3956 1285 4019 breui-

212 4052 281 4110 dos:
307 4051 386 4130 fieri
414 4051 605 4109 61166616-
634 4051 798 4109 cremonem
830 4060 887 4110 616.
932 4049 976 4108 116
1001 4059 1084 4109 recte
1110 4041 1285 4130 respondebit

211 4135 428 4214 superioribus.
467 4134 611 4194 breuitate
641 4145 673 4194 61
705 4136 859 4194 eeleritate
893 4135 1073 4212 syllabarum
1110 4116 1175 4192 1661
1206 4126 1285 4189 uerba

193 4222 385 4299 6666116666,
421 4229 507 4300 atque
537 4221 636 4280 ultima
652 4219 809 4302 habebunt
838 4219 970 4293 verbum,
1007 4217 1084 4300 quod
1112 4219 1161 4280 vix
1192 4215 1283 4276 ¹abesse

211 4311 340 4389 potest.“
373 4303 445 4362 Enu.
