2764 4978
118 439 126 452 ·
164 437 234 500 ec
488 395 491 402 '
549 423 554 433 '
630 435 822 498 onnron

187 622 311 712 quanta
340 603 380 686 de
410 613 520 705 nullo,
551 611 590 684 de
617 613 776 686 artifieio
785 611 916 702 dicendi
941 613 1047 688 literis
1073 619 1138 692 tam
1166 614 1285 686 indulta

187 717 356 789 inundare
410 715 591 807 Quibus
564 740 594 786 sr
619 703 702 788 nihil
727 716 819 787 alind
844 716 1091 815 responderem,
1123 717 1190 796 nisi
1221 742 1284 790 me

159 831 164 849 ⁸
188 819 241 892 M.
260 819 366 890 Bruto
388 842 510 914 negare
531 819 663 913 roganti
684 818 847 910 noluisse,
868 820 956 890 iusta
977 828 1065 938 psset
1086 821 1283 911 exclusatio,

65 943 71 958 ‘
189 947 277 994 curn.
295 929 328 992 et
357 921 558 994 arnicissima
586 927 620 992 et
647 921 933 1017 praestantissimo
960 921 1031 993 viro
1057 929 1091 994 et
1115 930 1210 993 recta
1245 930 1285 994 et

124 1032 180 1089 141
193 1027 331 1097 honesta
351 1023 475 1119 petenti
497 1021 690 1096 satisfacere
711 1023 900 1095 voluissem.
952 1021 1023 1096 Sed
1044 1025 1074 1096 si
1099 1023 1286 1120 profiterer

191 1127 298 1225 (quod
315 1123 441 1198 utinam
458 1122 625 1222 possemd)
647 1150 700 1196 me
717 1126 873 1204 studiosis
891 1125 1021 1198 diccndi
1043 1134 1226 1223 praecepta
1247 1134 1286 1198 et

191 1230 286 1327 qnasi
302 1229 388 1320 vias,
407 1251 491 1325 quae
509 1227 552 1300 ad
569 1227 790 1323 eloquentiam
807 1228 948 1321 ferrent,
966 1229 1179 1300 traditurum:
1200 1230 1285 1324 quis

190 1334 322 1404 tandem
347 1332 381 1430 id
407 1332 513 1404 iustus
539 1351 648 1401 rernm
675 1332 866 1402 aestimator
891 1329 1132 1428 reprehendet?
1184 1330 1285 1403 Nam

84 1511 85 1518 χ
192 1435 265 1531 quis
286 1457 440 1529 umquam
463 1431 637 1524 dubitavit,
664 1432 743 1528 quin
764 1433 799 1503 in
821 1434 993 1529 republica
1014 1441 1129 1506 nostra
1148 1434 1287 1530 primas

192 1537 387 1633 eloquentia
417 1534 561 1606 tenuerit
599 1559 729 1631 semper
766 1535 901 1608 urbanis
936 1535 1128 1632 pacatisque
1161 1537 1286 1627 rebus,

193 1637 354 1712 secundas
379 1637 461 1708 iuris
488 1635 654 1720 seientia?
689 1661 764 1708 cnm
784 1637 829 1710 'in
859 1638 966 1710 altera
994 1639 1121 1734 gratiae
1147 1637 1288 1733 gloriae

192 1739 340 1837 praesidi
356 1739 534 1838 plurimum
555 1749 663 1811 essetr
689 1739 725 1810 in
747 1739 1170 1836 alterapraescriptionmn
1193 1765 1287 1814 cau-

193 1844 384 1937 tionumque
417 1842 626 1938 praeceptio;
661 1865 745 1937 quae
765 1840 905 1939 ¹quidem
940 1842 1013 1939 ipsa
1043 1843 1204 1914 auxilium
1239 1845 1286 1914 ab

196 1945 384 2040 eloquentia
413 1969 511 2040 saepe
540 1951 683 2041 peteret,
719 1968 759 2015 ea
784 1969 862 2015 vero
887 1951 1096 2041 repugnante
1116 1945 1172 2015 rix
1199 1969 1287 2018 suas

130 2047 351 2142 142regiones
368 2046 508 2142 sinisque
526 2045 726 2117 defenderet.
771 2045 959 2142 Corigitnr
975 2048 1026 2118 ius
1044 2045 1141 2119 oirile
1158 2041 1289 2120 docere

196 2173 326 2246 semper
346 2147 520 2246 pulchrum
542 2147 620 2240 soit,
642 2147 874 2244 hominumque
896 2149 1153 2221 clarissimorum
1176 2149 1289 2236 disei-

196 2252 284 2348 pulis
310 2251 492 2322 doluerunt
518 2251 647 2322 donmst
674 2250 716 2321 ad
743 2250 916 2323 dicendum
937 2252 971 2338 ,si
998 2251 1070 2346 quis
1097 2259 1196 2323 acuat
1223 2260 1288 2324 aut
1370 2293 1371 2344 p

197 2353 329 2424 adiuret
345 2353 380 2424 in
398 2377 437 2424 co
458 2353 674 2444 iuventutem,
696 2351 924 2450 vituperetur‘d
974 2352 1062 2425 Nam
1080 2354 1109 2424 si
1125 2354 1287 2426 vitiosum
1370 2361 1371 2441 ᾗ

104 2471 107 2480 ’
198 2463 249 2528 cst
271 2456 380 2526 dicero
402 2463 533 2547 ornate,
559 2455 703 2552 pellatur
724 2456 856 2527 omnino
879 2480 897 2527 e
920 2455 1052 2528 civitate
1078 2457 1287 2552 eloquentia.

199 2556 264 2630 Sin
290 2581 331 2628 ea
355 2581 422 2629 non
448 2558 544 2628 modo
571 2581 627 2629 eos
659 2566 755 2629 ornat
782 2583 884 2654 penes
911 2581 992 2654 quos
1019 2565 1070 2630 est
1090 2559 1153 2630 sed
1180 2560 1286 2630 etiam

199 2659 384 2731 universam
401 2659 654 2756 rempmldicarnz
669 2683 737 2746 *cur
758 2668 816 2748 aut
837 2660 964 2732 discere
986 2667 1082 2757 turpe
1104 2668 1170 2752 est,
1193 2662 1287 2756 quaid

115 2780 119 2789 ‘
200 2762 286 2834 scire
303 2761 476 2832 honestum
493 2771 558 2834 cst:
577 2772 650 2853 aut,
668 2762 756 2857 quod
773 2785 870 2834 nosse
888 2763 1144 2858 pulcherrimum
1162 2771 1231 2856 est,
1252 2764 1289 2834 id

201 2889 268 2937 non
285 2863 464 2960 gloriosum
482 2861 627 2936 oneret

136 2974 196 3032 143
308 2963 434 3038 XLII.
486 2965 536 3038 At
556 2966 695 3036 alterum
716 2965 900 3038 factitatum
922 2973 973 3038 est
993 2967 1133 3039 alterum
1152 2991 1289 3040 norum.

202 3067 342 3142 Fateor:
369 3067 427 3141 sod
451 3070 621 3165 utriusque
646 3068 696 3140 rei
721 3093 821 3142 eausa
847 3077 909 3141 est.
960 3069 1097 3142 Alteros
1119 3069 1206 3140 enim
1228 3094 1291 3142 re-

151 3257 154 3264 ·
190 3171 394 3267 'spondentis
413 3171 525 3244 audire
543 3177 595 3243 sat
612 3177 698 3262 erat,
720 3179 757 3242 ut
776 3171 806 3270 ii,
823 3172 879 3267 qui
902 3172 1057 3248 docerent
1075 3171 1202 3242 nullum
1219 3173 1290 3244 silai
1369 3237 1370 3242 ,

204 3273 247 3344 ad
269 3296 340 3343 earn
361 3297 431 3342 rem
451 3279 579 3368 tempus
600 3272 666 3369 ipsi
687 3276 906 3368 seponerent,'
921 3273 979 3345 scd
1002 3273 1114 3345 eodem
1136 3271 1288 3369 temporo
1315 3346 1318 3351 ,

205 3382 239 3445 ct
256 3374 457 3446 discentibus
475 3373 706 3445 satisfacerent
723 3381 756 3446 et
772 3375 1032 3467 consedentibus.
1066 3375 1191 3467 Alteri,
1209 3399 1289 3446 com

198 3476 419 3563 ¹domesticum
436 3482 563 3572 tempus
581 3476 616 3546 in
633 3475 871 3570 cognoscendis
887 3477 1185 3573 conrponendisque
1203 3501 1290 3549 corr-

206 3579 269 3670 sis,
296 3577 429 3650 forense
453 3578 488 3650 in
515 3576 667 3673 agendis,
692 3577 857 3672 reliquum
883 3577 919 3650 in
940 3579 1078 3674 seipsis
1099 3579 1291 3650 reiciendis

208 3705 304 3752 omne
320 3686 677 3774 consurnerent„quern
695 3678 861 3750 habehant
873 3679 1065 3752 instituendi
1077 3689 1135 3752 ant
1147 3681 1294 3774 docendi

206 3779 338 3854 loournd
368 3781 481 3877 Atque
498 3780 585 3852 haud
602 3781 672 3852 scio
690 3805 733 3852 an
749 3781 898 3876 plerique
916 3788 1102 3854 nostrorum
1120 3791 1289 3854 oratorum

207 3883 341 3980 ingenio
362 3883 438 3980 plus
455 3882 618 3955 valuerint
635 3907 732 3978 quam
750 3883 911 3954 doctrina.
963 3882 1083 3979 Itaque
1104 3885 1155 3954 illi
1177 3884 1289 3958 dicere
1368 3877 1369 3886 ¹

209 3986 326 4058 melius
353 4009 458 4081 aprianov
476 3985 681 4081 praecipere·
707 4010 769 4058 nos
795 3993 911 4057 contro
935 3984 1076 4058 fortasse
1100 4009 1288 4082 possumus.
1368 4055 1369 4066 ,

145 4087 264 4160 tddAt
279 4087 470 4184 dignitatem
488 4087 606 4158 docere
622 4111 689 4158 non
705 4087 815 4162 habet.
851 4084 1012 4180 Certe,
985 4113 1014 4160 sr
1030 4089 1125 4183 quasi
1141 4088 1176 4158 in
1193 4087 1290 4158 ludar
1368 4083 1369 4102 ¹

211 4190 317 4262 scd
290 4215 320 4262 ει
313 4147 572 4308 ²’monendo
545 4213 574 4259 sr
595 4188 861 4281 cohortando,
834 4214 863 4260 sr
883 4188 1172 4288 percontando,
1145 4215 1173 4261 s1
1196 4213 1289 4260 conr-

211 4278 428 4385 modieando,
464 4289 492 4364 si
522 4290 684 4364 interdum
715 4291 814 4364 etiam
843 4314 910 4362 nna
939 4291 993 4386 ¹⁰0
975 4290 1079 4363 sendo
1114 4291 1288 4384 audiendo,
