2678 4974
162 451 210 512 14
321 443 583 500 commatrum
600 443 636 496 ΙΝ
658 440 853 496 creationis
871 441 1086 496 (introituri.

162 619 300 680 entwirll.
345 617 450 680 Dieses
470 611 667 698 concidique,
692 615 826 694 cogitata
846 617 961 693 species
980 636 1037 676 von
1060 627 1148 676 etim
1165 617 1257 678 Voll-

162 708 332 765 honurneuen
355 701 412 762 und
434 701 644 774 Vullendeteu‚
671 722 729 762 iras
751 701 780 758 in
799 703 893 760 ciuern
910 701 1077 762 wirkliobeu
1094 700 1256 762 Abhilde

163 790 333 870 dargcstcllt
350 787 437 861 wird‚
457 787 582 848 welches
600 787 686 846 allelu
704 781 856 866 αἰσθητὸν,
874 781 989 868 ὁρατὸν,
1006 781 1180 868 φαινόμενον
1200 791 1253 860 ist,

164 898 239 935 niuss
257 873 450 944 andrenseits‚
474 875 503 932 iu
521 873 679 932 Rucksicht
695 873 747 932 aul
761 874 823 930 sein
842 873 950 950 eriges
967 868 1139 954 ἀρχέτυπον,
1157 875 1257 932 selhst

162 959 273 1022 wieder
297 961 340 1020 als
360 963 474 1040 μίμημα
493 958 630 1020 conubio
651 953 698 1023 ὑπ’
722 951 813 1018 αὐτοῦ
834 955 907 1016 oder
930 953 1063 1038 ὁμοίωμα
1083 959 1257 1020 betrachtet

163 1046 280 1108 werden
303 1057 363 1106 etc.
409 1045 481 1104 llnie
504 1043 690 1124 explicationi
712 1041 813 1102 eadent
834 1041 923 1102 verba
946 1043 975 1119 ξ.
999 1047 1051 1104 10.
1068 1047 1132 1104 Hac
1147 1065 1254 1104 remm

154 1131 275 1211 forinas
292 1133 427 1212 appellat
441 1133 517 1203 ἰδέας
534 1129 663 1201 obstant,
682 1130 707 1188 si
729 1127 842 1207 quiden
860 1148 898 1188 ex
915 1129 968 1188 bac
987 1149 1099 1209 quoquc
1117 1131 1255 1209 explica·

163 1220 244 1276 tione
252 1213 377 1296 sormue
395 1215 558 1294 etfigurue
576 1235 632 1274 uon
650 1214 848 1294 intelliguntur
863 1217 946 1288 totae,
962 1213 1014 1274 sed
1031 1217 1133 1274 artinuu
1143 1236 1251 1295 opera,

164 1302 195 1362 id
213 1301 288 1382 qnod
307 1301 342 1360 C.
362 1301 461 1362 Beier.
482 1302 543 1378 ipse
562 1319 675 1380 quoque
693 1300 794 1358 sensit.
830 1297 914 1360 Adde
933 1299 1007 1378 qnod
1025 1321 1078 1378 pro
1097 1300 1252 1362 Platonico

163 1382 369 1468 προπλάσματι
391 1397 421 1446 ot
444 1387 506 1444 eius
528 1385 627 1464 elligie
649 1396 710 1444 tres
732 1385 872 1462 imagines
894 1385 1068 1444 substituens
1090 1385 1163 1446 haec
1182 1388 1251 1446 fere

165 1473 335 1534 Ciceronem
363 1471 462 1532 dicere
489 1472 574 1530 lacit:
603 1471 672 1528 Wie
699 1470 760 1528 also
787 1469 816 1530 iu
843 1467 899 1530 den
926 1469 1135 1530 Kunstwerken
1158 1483 1252 1532 etwas

164 1559 283 1640 ldeales¹
295 1559 348 1627 ist,
368 1559 420 1616 anf
435 1555 537 1616 dessen
557 1553 657 1615 Urhild
674 1556 703 1614 in
721 1554 774 1616 der
786 1555 975 1634 Vorstelluug
991 1556 1053 1615 sich
1072 1558 1118 1616 cin
1136 1555 1204 1616 Bild
1223 1559 1253 1616 in

165 1644 218 1704 der
235 1643 422 1720 Vorstellung
439 1641 566 1713 hezicht‚
587 1639 637 1700 das
655 1640 809 1700 wiedernun
828 1643 874 1702 cin
892 1639 1015 1700 Vorhild
1032 1643 1079 1700 rur
1093 1641 1252 1702 einNach-

163 1728 224 1788 hild
242 1731 270 1786 in
289 1727 342 1787 dor
360 1727 564 1786 Wirlrlichkeit
581 1725 663 1785 wird.
702 1725 755 1786 llic
773 1728 861 1804 igitur
877 1725 968 1786 habes
985 1728 1111 1806 speciem
1129 1727 1182 1786 suh
1202 1749 1250 1788 ur.

165 1817 211 1886 1.,
232 1815 349 1892 eiusque
367 1813 493 1892 effigiem
512 1814 540 1870 in
558 1811 643 1870 animi
661 1812 778 1890 speculo
797 1811 848 1870 suh
867 1832 912 1870 nr.
928 1815 960 1872 2.
973 1813 1122 1892 etelhgiei
1136 1833 1251 1892 exspe-

165 1900 230 1958 eulo
262 1899 404 1975 effigiem,
438 1918 509 1977 quac
536 1895 587 1956 suh
614 1897 761 1959 oculorum
787 1917 900 1958 sensum
927 1897 1028 1971 cadat,
1061 1899 1112 1958 sub
1139 1919 1186 1960 nr.
1214 1901 1249 1958 3.

165 1986 254 2058 Quam
278 1986 467 2065 βαττολογίαν
494 1983 633 2062 particula
654 2003 710 2040 unu
733 1983 805 2042 uaale
832 1983 941 2044 intrusa
962 1987 1089 2056 crearit,
1117 2004 1200 2062 quam
1220 1994 1253 2042 et

165 2071 256 2130 ouaitti
280 2082 310 2130 et
330 2069 397 2128 addi
420 2081 529 2128 temere
548 2089 565 2128 a
583 2068 706 2126 librariis
724 2079 768 2126 tot
785 2080 816 2128 et
833 2079 888 2128 tana
908 2070 986 2128 clara
1004 2069 1136 2148 exempla
1152 2069 1200 2128 rel
1218 2071 1251 2128 iu

163 2176 221 2214 uno
240 2153 362 2214 Oratore
381 2166 456 2216 snut.
501 2153 618 2214 Minime
636 2165 718 2213 recte
736 2175 825 2232 agere
844 2153 991 2228 videntur,
1011 2156 1059 2236 qai
1076 2153 1156 2214 libris
1173 2156 1251 2214 scri·

163 2243 220 2322 ptis
238 2242 332 2300 omnia
351 2241 492 2312 tribuunt,
513 2239 581 2298 nibil
600 2239 820 2318 intelligentiae.

250 2326 277 2402 §.
299 2329 350 2386 10.
370 2329 468 2386 Plato.
493 2325 559 2384 Vox
577 2327 710 2404 primaria
729 2345 811 2404 quum
830 2323 865 2382 ab
884 2326 965 2384 initio
984 2345 1047 2384 curn
1065 2326 1092 2382 vi
1111 2345 1166 2382 uon
1181 2345 1252 2404 pos·

165 2423 225 2483 set,
245 2410 280 2470 ad
300 2413 444 2472 enunciati
463 2411 547 2468 linem
565 2412 656 2488 posita
675 2421 720 2468 est
738 2430 776 2468 ex
792 2411 909 2486 regulo:
934 2409 1019 2489 idque
1036 2429 1106 2468 vere
1124 2431 1181 2468 non
1200 2431 1250 2468 so-

166 2499 221 2556 luto
244 2499 272 2556 in
291 2497 408 2576 reliquis
426 2495 607 2555 substantivis
625 2496 752 2564 obtinet,
781 2495 833 2554 sed
852 2497 936 2556 etiatu
955 2497 983 2554 iu
1002 2496 1162 2556 nominihus
1179 2515 1250 2574 pro-

165 2585 247 2663 priis.
270 2581 417 2640 Gocnnnz.
438 2579 474 2640 ad
493 2582 556 2640 Cic.
575 2579 668 2639 Acad.
689 2583 721 2652 2,
742 2583 795 2652 14,
813 2583 868 2642 45.
888 2601 917 2658 ρ.
938 2582 978 2640 87
997 2601 1025 2643 a.

253 2667 402 2744 Quidquid
427 2677 471 2726 est
488 2669 593 2744 agitur.
626 2665 774 2724 wernher
799 2667 860 2726 also
879 2667 979 2724 innurer
997 2664 1175 2726 methodiseh
1192 2665 1251 2726 und

165 2764 267 2830 streng
291 2752 545 2810 wissenseballlioh
574 2753 639 2810 eine
667 2749 886 2830 Untersnchnng
907 2753 1062 2829 angeslellt
1083 2750 1170 2821 wind,
1199 2749 1250 2810 das

165 2859 240 2896 nuuss
263 2858 326 2896 nunu
348 2857 384 2896 an
406 2838 514 2896 seinenn
539 2836 651 2915 Princip
674 2835 731 2896 und
752 2857 804 2896 zur
827 2836 978 2908 leitendeu
995 2848 1093 2896 ersten
1111 2835 1181 2896 ldec
1198 2857 1249 2896 au·

165 2924 352 2982 rdcklithren.
390 2923 479 2996 „lloc
499 2921 637 2994 cohaeret
655 2942 718 2980 cnm
736 2922 802 2980 illo:
821 2924 875 2982 sed
892 2943 948 3000 ego
964 2926 1009 2982 sic
1024 2933 1249 3000 statuo,estque
1337 2973 1338 2998 ,

164 3008 232 3068 inde
250 3009 410 3068 conclusio.
454 3009 528 3082 Quia
546 3010 574 3066 in
593 3009 669 3066 ouini
687 3027 796 3086 genere
815 3027 909 3066 reruni
928 3007 1033 3086 aliquid
1053 3019 1098 3066 est
1114 3028 1248 3068 summum
1337 3009 1338 3076 ζ

164 3106 250 3174 atque
270 3095 444 3172 perlectum,
466 3093 542 3173 quod
559 3115 615 3154 nou
634 3095 778 3174 reperitur
796 3093 824 3152 iu
843 3093 961 3172 singulis
980 3094 1134 3171 exemplis,
1154 3095 1248 3170 sequi-

164 3191 226 3251 tnr,
255 3179 284 3238 id
307 3178 383 3258 quod
404 3181 522 3240 velimus
544 3189 680 3244 accurate
703 3179 864 3258 explicare,
893 3198 961 3240 esse
977 3179 1015 3240 ad
1032 3180 1108 3238 illius
1125 3198 1247 3241 summae

164 3265 353 3344 perfectiouis
371 3265 529 3345 exemplum
546 3263 778 3326 revocandnu.“
796 3264 870 3326 Eun.

623 3417 709 3476 Cur.
739 3413 791 3476 lV.

249 3519 278 3597 ἕ.
308 3521 360 3580 11.
390 3540 428 3578 ec
455 3521 596 3578 oratoriis
622 3520 880 3597 dairputotiom'dttr.
913 3519 958 3579 lta
984 3519 1102 3581 Sebutz.
1135 3520 1247 3598 scripsit

164 3605 330 3668 auctoribus
355 3603 497 3668 Strebaeo
517 3615 546 3664 et
570 3604 716 3662 Gronovio
733 3603 770 3662 ad
789 3605 851 3664 Cic.
873 3605 954 3664 Brut.
976 3607 1146 3686 awos..
1167 3626 1246 3682 quum

164 3693 250 3768 vulgo
273 3701 352 3750 esset
374 3711 413 3748 ec
431 3691 560 3750 oratoris
578 3692 608 3748 d.
638 3689 687 3748 Sic
706 3691 779 3748 infra
798 3691 826 3768 ξ.
847 3691 900 3754 62.
921 3692 1028 3767 legitur
1045 3693 1165 3752 oculeus
1181 3711 1246 3750 ora·

166 3779 275 3848 turios,
304 3775 351 3836 ubi
374 3775 450 3834 Ven.
475 3777 507 3834 2.
533 3785 560 3834 et
579 3775 692 3834 Tulich.
718 3775 823 3834 habeut
843 3796 890 3836 ae.
911 3779 1058 3848 oratorii,
1086 3786 1118 3834 ut
1133 3774 1243 3854 Meyer.

164 3861 340 3921 observavit.
388 3860 494 3918 Probat
518 3863 661 3920 oratoriis
683 3863 769 3920 etiam
793 3859 888 3918 Bentl.
913 3859 949 3920 ad
972 3861 1034 3920 Cic.
1059 3861 1145 3919 Tusu.
1167 3859 1244 3938 Disp.

164 3951 201 4018 1,
221 3939 253 4006 3.
275 3968 303 4024 p.
325 3946 399 4006 237.
423 3944 483 4016 (ed.
504 3947 569 4004 urai.
592 3945 716 4019 Orell.)‚
737 3947 782 4024 qui
801 3943 880 4004 addit
898 3944 979 4005 Orat.
1000 3948 1246 4017 30‚103.nolla

164 4043 211 4092 est
227 4034 302 4090 enim
322 4034 352 4090 ia
371 4032 433 4090 ullo
450 4051 562 4108 genere
581 4033 646 4090 laus
664 4034 806 4102 oratorii,
826 4031 874 4090 uhi
893 4031 991 4090 itidem
1010 4033 1133 4109 corrigit
1150 4042 1247 4090 orato-

163 4121 223 4178 rio.
268 4115 354 4176 Adde
378 4115 497 4176 eundern
521 4113 557 4174 ad
574 4117 661 4176 Tusc.
682 4116 764 4195 Disp.
785 4119 826 4192 2,-
845 4119 876 4176 2.
897 4117 960 4176 init.
1008 4117 1182 4188 „Genitivns
1198 4116 1246 4176 ob-

163 4203 232 4264 iecit
257 4202 383 4282 quamvis
406 4202 496 4280 possit
518 4199 634 4262 delendi
658 4204 768 4282 positos
790 4224 843 4280 pro
862 4203 1111 4280 disputationibus
1128 4204 1165 4260 de
1183 4223 1247 4264 oro·

164 4298 241 4360 tore,
262 4298 293 4348 ut
311 4287 327 4345 1
349 4285 418 4346 Nat.
439 4285 530 4348 licor.
552 4307 586 4347 c.
602 4289 653 4347 12.
674 4308 720 4368 pr.
741 4290 771 4348 in
790 4289 910 4347 deorum
928 4289 1080 4366 opabt'une,
1100 4287 1248 4367 probamus
