2764 4978
309 1332 370 1416 ur.
401 1331 606 1454 'rurunn
634 1329 944 1420 erenncurs
980 1378 984 1400 ‚

603 1549 652 1604 ul)

92 1701 408 1828 MARCUM
478 1720 783 1828 BRUTUM
853 1713 1167 1830 ORATOR.

552 2029 657 2052 ‘La-0...-
661 2043 684 2049 --
690 2036 705 2050 ὲ.

169 2280 202 2362 Ι.
231 2277 235 2326 Ῑ
257 2227 402 2362 Utrum
429 2281 597 2363 ‹lillieilius
623 2298 680 2361 aet
706 2289 810 2361 trtaius
837 2297 925 2360 esset
955 2313 1077 2387 negare
1107 2289 1167 2361 tibi

93 2391 220 2486 saepius
245 2392 331 2466 idem
358 2393 504 2488 roganti,
534 2411 578 2464 uu
603 2392 740 2492 efficere·
761 2392 795 2468 id
825 2391 912 2488 quod
942 2411 1078 2488 rogares
1109 2392 1190 2464 (lior

93 2493 306 2589 munitumque,
333 2494 455 2585 Brute,
481 2495 639 2593 durbituvi.
689 2494 776 2568 Nam
799 2503 832 2566 et
853 2493 983 2590 negurc'
997 2493 1044 2586 ei,
1071 2519 1168 2590 parem

94 2595 184 2667 unice
211 2595 399 2694 diligerem,
432 2598 550 2693 cuique
579 2621 631 2669 me
659 2598 867 2672 carissimum
898 2621 985 2677 esse,
1000 2597 1169 2688 sentirem,

93 2699 282 2788 praesertim
304 2707 338 2771 et
358 2700 445 2770 iusta
466 2701 591 2796 petenti
613 2706 646 2771 et
665 2691 840 2796 prraeelura
861 2699 1007 2795 cupienti
1013 2741 1027 2790 ,·
1051 2699 1169 2769 durum

94 2797 261 2871 alruorlum
278 2801 359 2872 rnilri
374 2801 560 2894 videbatur,
579 2810 613 2874 et
629 2803 797 2900 suscipere
815 2809 939 2872 tantem
956 2807 1042 2892 rerer,
1062 2823 1169 2895 quen·
1235 2833 1237 2838 ·

94 2905 154 2969 tam
173 2927 240 2973 non
258 2903 354 2976 ruodo
371 2903 529 2976 facultate
547 2905 707 3000 consequi
724 2903 975 2993 diffieileesect,
994 2903 1050 2974 seo
1071 2902 1168 2972 etiam

94 3003 289 3096 cogitatione
307 3006 498 3101 complecti,
521 3007 577 3077 vix
594 3007 871 3078 arbitraturesse
888 3005 977 3094 eius,
1000 3003 1056 3098 qui
1075 3024 1170 3073 reru·-

94 3111 178 3175 retur
194 3106 483 3202 reprehensionem
500 3108 669 3178 doctorum
687 3115 785 3202 atque
802 3105 1022 3202 prrudcntium.
1076 3105 1194 3196 orrida
1302 3127 1310 3138 ·

95 3205 175 3277 euim
193 3216 245 3280 cst
261 3210 366 3280 maius
372 3263 383 3301 ,
402 3229 515 3304 qururu,
534 3229 608 3280 cum
625 3216 718 3280 tauta
735 3209 779 3280 sit
794 3208 881 3279 iuter
898 3213 1045 3279 oratores
1063 3207 1168 3278 bortrus

96 3304 336 3402 lissirniliturlo,
363 3311 528 3403 iudicare,
555 3311 704 3406 quaesit
725 3311 852 3408 optima
869 3309 999 3406 speeies
1019 3318 1053 3380 et
1075 3310 1170 3406 quaesi

95 3405 196 3502 ligura
214 3411 370 3484 dicendi?
410 3413 507 3506 Quod
525 3413 680 3509 quoniam
697 3439 748 3486 me
766 3413 897 3509 saepius
914 3435 1029 3509 mgas,
1049 3435 1170 3508 aggre-
1201 3408 1204 3420 '
1304 3419 1306 3423 ’

97 3508 177 3604 liar,
201 3539 269 3586 non
285 3522 351 3586 tam
368 3515 564 3612 perficiundi
586 3539 644 3613 spe
662 3525 760 3612 quam
778 3515 972 3612 experiundi
988 3514 1168 3585 uoluntate.
1236 3522 1238 3526 ’

96 3607 184 3685 Malo
203 3617 302 3707 enim,
321 3641 395 3688 erum
413 3617 521 3695 studio
539 3625 596 3689 tuo
614 3618 674 3689 sim
693 3619 883 3707 obsecutus,
900 3615 1082 3688 desiderari
1100 3639 1120 3686 a
1137 3623 1170 3686 te

96 3717 297 3806 pmdentiam
310 3737 414 3790 ineam
428 3732 538 3815 quarn,
556 3721 585 3792 si
601 3719 636 3790 id
653 3741 720 3792 non
737 3719 884 3809 fecerim,
902 3717 1168 3789 benivolentiam.

191 3813 244 3891 ΙΙ.
297 3821 438 3912 Quaeris
463 3822 565 3918 igitur
589 3821 687 3917 idque
713 3821 778 3892 iarn
804 3819 951 3918 saepius,
982 3819 1068 3915 quud
1094 3820 1195 3890 elusit

99 3922 244 4010 quentiae
269 3947 381 4018 genuus
394 3925 529 4018 prolmm
551 3925 722 4013 maxime,
736 3931 769 3994 et
794 3921 891 4019 quale
917 3919 998 3992 milri
1022 3921 1171 3992 uideatur

98 4016 190 4114 illurl,
205 4024 272 4094 eui
298 4024 380 4096 nihil
406 4023 483 4096 atleli
508 4026 629 4122 possit,
656 4025 743 4120 quod
768 4043 832 4120 ego
856 4031 1016 4097 summunt
1036 4031 1072 4094 et
1091 4045 1171 4119 per·

99 4116 304 4196 lectissimum
326 4126 480 4197 iudicem.
532 4126 657 4223 Inque
674 4149 804 4218 uereor,
827 4149 885 4216 ne,
908 4125 937 4196 si
957 4125 991 4196 io
1013 4125 1101 4222 puori
1122 4123 1170 4194 vis
1200 4157 1212 4168 -

100 4222 409 4326 effecero,eumque'
422 4236 587 4299 oratorem
604 4248 700 4324 quern
718 4229 849 4323 quaeris
866 4249 1076 4324 expresscm,
1100 4235 1171 4296 ter-

101 4321 164 4397 lem
183 4327 291 4400 studia
307 4321 502 4423 puellulam,
525 4330 581 4426 qui
599 4329 835 4428 desperatione
845 4327 1008 4404 debilitati
1025 4327 1171 4425 experiri
