2678 4974
379 447 473 502 cnr.
501 396 552 501 rv.=
575 447 696 500 ro-ra,
748 449 844 502 oar.
871 448 904 501 v.
931 449 974 502 rr.
1033 481 1036 489 .
1168 449 1213 514 ,ὅ

133 631 226 680 tamen
248 618 325 698 quod
343 619 407 682 VV.
428 598 490 680 Di).
511 641 574 680 cnm
593 619 736 696 Strehaeo
755 623 914 682 maluerunt
930 619 1113 682 adieetivnm.
1150 621 1213 682 No·

131 706 232 764 luimus
254 717 349 766 tamen
373 725 434 765 earn
458 704 549 777 isdem
568 725 711 785 reponere
731 711 873 768 creterris
894 727 947 786 pro
966 717 1116 768 contracta
1133 707 1213 766 eble-

129 791 183 848 tivi
206 792 297 853 torua
319 794 464 863 oratoris,
493 812 566 871 quae
590 811 657 852 casu
681 802 795 852 servata
817 803 862 852 est
884 787 969 852 etiam
992 794 1019 851 in
1043 792 1132 852 Bruto
1156 795 1209 866 89,
1316 803 1322 816 ‘

129 877 224 949 aas,
249 897 304 955 qno
324 879 455 956 exenrplo
474 875 594 938 eandem
616 877 794 955 reposuerim
818 877 949 956 equidem
971 877 1040 938 ibid.
1061 881 1114 950 96,
1134 881 1209 940 399.

128 962 180 1021 fin.
220 961 268 1020 Sic
288 973 334 1022 est
351 963 380 1022 in
398 962 472 1022 (lod.
493 964 691 1042 palimpsesto,
717 961 753 1022 de
771 982 834 1042 rep.
856 983 884 1022 o.
905 964 957 1023 17.
973 967 1107 1044 propris.
1143 962 1219 1024 Alie.

127 1045 195 1106 vide
213 1047 286 1127 apud
303 1047 408 1106 Maium
427 1049 456 1108 in
474 1048 569 1114 indice
592 1069 621 1126 p,
642 1049 745 1108 354.“
781 1047 845 1108 Bm.
1274 1041 1277 1048 ’

214 1153 282 1192 nom
306 1143 360 1193 ant
379 1134 577 1194 merebuntur.
623 1132 645 1192 E
670 1131 778 1192 dnahus
799 1133 885 1192 rebus
908 1134 1080 1194 enumeratis
1107 1153 1223 1208 secans

127 1215 192 1276 dam
212 1217 303 1297 priori
321 1218 386 1277 loco
405 1220 533 1297 exponit,
554 1229 584 1278 ut
602 1237 689 1296 saepe
708 1219 788 1290 alias,
808 1219 886 1278 velut
904 1216 939 1276 de
958 1218 1037 1297 legg.
1054 1221 1086 1292 2,
1102 1220 1134 1292 7,
1155 1220 1208 1280 16.

125 1302 187 1364 vid.
210 1305 245 1362 0.
264 1303 306 1363 M.
326 1303 459 1364 Mueller.
480 1303 517 1364 ad
535 1305 598 1362 Cic.
620 1302 656 1364 de
675 1315 749 1362 orat.
771 1308 801 1376 1,
822 1305 874 1374 38,
896 1304 969 1364 172.

215 1389 381 1464 §.12.0c
401 1391 584 1449 Academiae
608 1391 725 1466 epatris.
772 1389 937 1464 Quintilian.
956 1391 1009 1462 10,
1029 1390 1060 1461 1,
1081 1391 1133 1450 81.
1154 1391 1207 1462 12,

125 1476 159 1545 2,
180 1475 234 1533 23.
255 1474 371 1552 Dialog.
392 1473 428 1534 de
448 1474 540 1534 Oratt.
562 1494 589 1534 c.
610 1476 664 1533 32.

144 1642 164 1704 d
214 1561 359 1620 Plutones.
379 1571 410 1620 nt
427 1561 553 1620 auctoris
572 1561 633 1620 eius
651 1559 775 1632 familiae
797 1559 1040 1640 philosophorum.
1059 1579 1088 1618 r.
1108 1557 1207 1621 adnot.

123 1663 143 1704 a
182 1663 211 1704 e.
232 1645 285 1715 16,
306 1646 358 1704 51.

213 1731 275 1788 Sed
292 1737 324 1788 et
338 1731 424 1792 huius
441 1741 474 1789 et
488 1732 625 1790 oliorum.
667 1729 737 1790 Post
748 1732 876 1808 prumam
893 1732 1022 1810 sequitur
1037 1731 1106 1802 sed,
1126 1751 1221 1812 quum·

124 1825 346 1892 exspectaretur
364 1817 482 1876 decede.
506 1815 570 1874 Ber.
595 1816 727 1888 Minime,
748 1836 812 1874 nam
830 1816 904 1876 haee
923 1817 1050 1879 auctoris
1068 1817 1210 1899 sententia
1240 1841 1247 1868 a

124 1911 189 1960 est:
219 1900 331 1962 adiutus
357 1899 478 1979 quidem,
497 1912 595 1960 orator
621 1912 668 1962 est
691 1921 709 1960 a
735 1901 909 1980 philosophis
936 1901 1128 1974 Academiae,
1157 1899 1210 1960 sed

123 1984 204 2046 idem
233 1987 382 2064 neglectus
405 1997 434 2045 et
457 1988 618 2064 exagitatus
645 1989 666 2046 i.
692 2006 720 2046 e.
745 1988 887 2060 reiectus,
916 1988 1117 2071 improbatus,¹
1135 1997 1167 2046 ut
1192 2006 1210 2044 a

124 2071 247 2133 Platone
266 2073 328 2150 ipso
346 2072 440 2131 multis
458 2072 537 2130 lihris
555 2072 692 2143 Politice,
712 2073 791 2132 velut
808 2074 839 2131 3.
860 2094 890 2152 p.
911 2075 985 2134 398.
1004 2072 1050 2132 Α.-

214 2158 429 2238 ogrestioribes
454 2160 569 2217 diruis*
588 2156 643 2216 den
670 2156 909 2235 ungehildetereu
930 2158 1033 2221 Musca
1055 2158 1076 2216 i.
1101 2177 1132 2233 e,
1156 2154 1209 2216 der

123 2241 311 2321 practischen
337 2240 527 2320 Anwendung
553 2241 606 2302 der
632 2241 849 2312 Beredsamkeit
874 2244 903 2302 in
930 2243 1044 2305 Staats-
1071 2241 1127 2302 und
1151 2241 1208 2302 Ge-

1 2375 2 2402 ,
123 2327 338 2386 riehtssaehen.
385 2327 436 2386 llis
471 2348 508 2386 ex
543 2327 664 2386 adverso
695 2329 776 2407 ponit
804 2331 907 2388 Muses
936 2327 1148 2390 mansuetiores
1178 2328 1208 2385 in

1 2413 3 2458 f
123 2413 233 2492 Epistt.
254 2411 353 2471 Fannii.
376 2416 406 2484 1,
427 2415 457 2486 9,
479 2415 510 2472 8.
534 2414 613 2483 (Vol.
634 2416 665 2474 2.
683 2435 713 2492 p.
733 2415 807 2474 266.
829 2413 961 2485 Sohutz.)
981 2412 1209 2472 adoratoribus

123 2500 264 2576 disiunge
287 2517 331 2556 me
343 2495 432 2580 sere,
457 2496 614 2577 referoque
637 2501 678 2558 ed
696 2501 909 2558 mansuetiores
924 2502 1027 2560 Muses
1042 2529 1086 2542 —-
1102 2499 1211 2574 scripsi

124 2585 222 2661 igitur
242 2585 426 2644 Aristotelea
447 2603 591 2650 more-
613 2595 674 2644 tres
696 2585 788 2644 libros
809 2586 840 2644 in
863 2586 1061 2663 disputatione
1084 2601 1121 2642 uc
1142 2584 1208 2642 dia-

125 2671 197 2746 logo
216 2670 252 2726 de
272 2672 413 2730 Oratore.
456 2669 513 2728 Eas
532 2669 604 2730 dicit
620 2671 840 2742 mansuetiores,
862 2667 1205 2742 (menschenhildender),

124 2755 194 2831 qnia
218 2773 235 2812 a
261 2755 325 2812 loro
353 2764 384 2812 et
410 2756 490 2814 euria
516 2766 652 2821 evocatae
680 2757 708 2814 in
736 2753 828 2814 media
855 2755 1035 2834 philosophia
1057 2763 1087 2812 et
1108 2754 1207 2831 spatiis

124 2837 383 2917 Peripateticorum
402 2840 600 2900 versabantur.
647 2841 727 2900 llaec
746 2843 860 2900 nomiha
878 2840 967 2900 indita
984 2850 1049 2900 sunt
1067 2859 1104 2896 ex
1122 2857 1207 2896 sensu

125 2923 319 2994 Graecorum,
344 2926 440 3004 populi
462 2927 564 2985 nullius
586 2928 629 2986 rei
653 2937 771 3004 praeter
792 2925 1022 2996 laudemmvari,
1047 2925 1093 3002 qni
1111 2924 1207 2982 seien-

122 3011 184 3068 tiae
207 3029 244 3067 ex
266 3011 342 3088 ipsa,
364 3030 428 3079 ,non
452 3030 562 3081 exusu
583 3013 660 3070 vitae
685 3009 866 3088 quotidianae
889 3011 1009 3090 pretium
1033 3018 1204 3068 statuerent.

121 3092 193 3154 Vid.
214 3094 548 3172 Baumgatteu-Crusius
572 3094 607 3154 de
630 3097 746 3154 iuvenili
769 3095 919 3172 disciplina
943 3094 1069 3156 Platonis
1091 3112 1206 3172 eompa-

121 3189 187 3240 ratn
205 3199 268 3240 curn
287 3191 385 3240 nestra
405 3180 546 3254 (Miserae
565 3182 664 3240 1836.
678 3179 726 3259 4.)
743 3202 772 3260 p.
793 3182 845 3240 26.
866 3200 911 3259 sq.

157 3285 161 3292 ’
210 3265 238 3342 §.
259 3268 311 3326 13.
336 3268 525 3334 iactationem
552 3266 667 3326 debuit.
712 3267 899 3326 laetationem
922 3263 1029 3326 habere
1051 3265 1080 3324 in
1101 3263 1206 3344 populo

121 3360 171 3412 est
186 3369 206 3410 a
222 3352 328 3430 populo
347 3351 480 3430 probari,
501 3353 606 3430 populo
625 3371 657 3410 se
675 3351 836 3412 venditare.
859 3351 976 3412 Schutz.
997 3351 1026 3410 in
1045 3350 1118 3410 clav.
1140 3349 1203 3408 Cic.

121 3456 149 3496 s.
170 3455 199 3496 v.
236 3439 372 3506 lectore,
401 3437 448 3496 ubi
471 3437 545 3496 hanc
569 3439 661 3496 locum
685 3439 724 3496 ita
748 3439 907 3498 convertit:
936 3438 1043 3496 konnte
1070 3436 1131 3494 sich
1155 3433 1206 3494 des

121 3521 243 3582 Beiialls
266 3521 318 3580 des
335 3521 445 3582 Volkes
466 3523 596 3583 rtthmen.
640 3523 729 3602 Atqui
751 3525 780 3582 iu
802 3525 958 3582 iactatione
982 3521 1051 3580 nihil
1074 3540 1207 3599 eompro-
1281 3559 1284 3564 -

120 3606 248 3666 helionis
275 3617 306 3666 et
331 3608 480 3686 applausus
507 3619 566 3678 est,
600 3607 652 3668 sed
679 3607 786 3668 hahere
816 3609 1001 3669 iactationem
1028 3627 1085 3666 neu
1111 3615 1208 3685 potest

120 3692 207 3750 alium
230 3711 344 3750 sensnm
363 3693 486 3764 hahere,
507 3695 561 3751 nisi
585 3695 676 3752 licere
698 3711 730 3754 se
748 3695 845 3767 alieni,
867 3713 964 3754 ceram
982 3692 1076 3772 aliquo
1094 3693 1206 3752 iactare

120 3779 143 3836 i.
165 3795 194 3838 e.
215 3778 376 3851 aultreten,
400 3777 462 3838 sich
479 3779 584 3857 zeigen
603 3778 717 3838 ddrl'eu.

584 3931 670 3992 Car.
707 3931 745 3991 V.

209 4033 238 4110 ξ.
258 4034 310 4092 14.
336 4042 371 4092 ot
391 4034 547 4112 palaestro
568 4033 751 4096 histrionem.
798 4033 835 4094 Ut
856 4035 998 4113 palaestra
1021 4027 1206 4094 histrionibus

120 4118 249 4179 membra
271 4116 308 4176 ad
331 4117 487 4186 saltandum
511 4120 623 4198 aptiora
650 4119 759 4192 reddit,
788 4121 828 4178 ita
854 4121 1035 4200 philosophia
1061 4129 1206 4178 oratorem
1252 4164 1254 4174 .

119 4204 284 4264 dialecticis
310 4203 425 4276 irnhuit,
459 4223 531 4283 quae
563 4216 608 4264 est
638 4207 716 4284 quasi
748 4206 886 4285 quaedam
915 4207 1019 4266 mentis
1048 4204 1202 4284 palaestra.

120 4291 187 4350 Cle.
208 4289 244 4349 de
263 4288 345 4348 (irat.
366 4292 397 4362 3,
418 4291 476 4362 22,
491 4291 544 4352 83.
589 4291 653 4352 Hoc
676 4291 733 4350 tibi
750 4294 878 4370 prinam
901 4292 1085 4371 persuadeor
1106 4289 1202 4358 velim,
