2764 4978
190 493 238 556 eu
641 471 833 556 o'nnren

192 671 251 767 qui
271 669 527 767 Adstephauins
554 670 752 743 nominatur.
804 669 966 762 Quodne
988 669 1131 761 aecidat,
1159 671 1280 740 obser-

194 774 265 843 vari
281 795 343 844 nee
360 779 468 869 petest
484 797 546 844 nee
564 797 701 846 necesse
718 781 781 845 est.
820 771 891 845 Sed
907 779 1019 844 temen
1034 771 1090 843 hie
1107 781 1280 843 corrector

94 895 99 904 ·
181 876 233 946 in
247 899 286 946 en
303 875 376 970 ipsu
393 875 483 966 lnce,
504 899 568 971 que
589 876 815 972 reprehendit,
839 874 892 968 (nt
908 899 928 945 a
945 899 998 946 me
1014 875 1278 964 animadversum

180 985 245 1048 est
269 977 413 1048 studiose
439 979 624 1073 inquirente
648 979 684 1048 in
710 975 802 1068 enm)
828 978 974 1052 immittit
994 977 1182 1073 imprudens
1203 978 1280 1072 ipse

193 1080 371 1152 senarium.
420 1077 481 1151 *Sit
513 1081 620 1176 igitur·
645 1079 711 1150 'hue
745 1081 928 1175 eegnitum,
962 1081 999 1150 in
1029 1081 1145 1151 salutis
1175 1081 1278 1150 etiam

59 1267 62 1274 ¹
192 1183 301 1256 verbis
334 1182 444 1253 inesse
478 1205 648 1274 numeres,
684 1182 878 1279 eosdemque
914 1195 987 1254 esse
1014 1182 1185 1253 ‘aratorius
1219 1183 1279 1277 qui

193 1285 261 1355 sint
285 1285 447 1380 poeticis

127 1491 183 1553 191
295 1487 421 1560 LVII.
471 1487 630 1586 Sequitur
655 1512 751 1585 erge,
775 1498 828 1578 ut,
855 1491 911 1586 qni
936 1468 1077 1562 maxime
1098 1481 1221 1560 cadant
1241 1489 1279 1560 in
1365 1509 1366 1562 ζ

192 1593 373 1663 orationem
400 1591 510 1688 aptam
530 1593 674 1682 numeri,
701 1593 874 1666 videndum
892 1593 947 1663 sit.
1000 1590 1089 1664 Sunt
1110 1593 1197 1663 enim
1220 1593 1279 1688 qui
1365 1655 1366 1664 ,

152 1770 155 1779 ,
190 1695 368 1766 iambicum
392 1701 522 1791 putent,
535 1695 639 1791 ,qued
669 1695 712 1766 sit
736 1693 883 1766 'orationi
910 1695 1114 1766 simillirnusa
1142 1717 1207 1790 qua
1235 1695 1278 1766 de

191 1821 293 1868 eausa
313 1797 405 1888 fieri,
427 1805 464 1868 ut
484 1797 514 1868 is
535 1797 746 1892 potissimum,
764 1806 900 1894 prepter
920 1797 1169 1868 similitudinem
1185 1798 1279 1868 reri-

149 1921 153 1929 ·
181 1899 269 1970 'tatis
291 1899 485 1970 adhiheatur
505 1898 700 1990 infabuiis,
727 1901 815 1995 qnod
833 1901 892 1992 ilie
915 1901 1098 1994 daetyliern
1119 1923 1279 1972 numerus

191 2001 454 2073 hexametrorum
468 2001 768 2097 magniloquentiae
781 2003 826 2073 eit
838 2003 1125 2074 areernmedatinr.
1135 2059 1143 2064 .
1155 1999 1278 2097 Ephe-

190 2128 247 2175 rus
264 2111 385 2194 autem,
403 2103 485 2176 levis
501 2104 573 2200 ipse
581 2111 699 2176 iuratur
714 2105 775 2181 sed
791 2105 958 2200 prefectus
976 2129 1018 2176 en
1036 2105 1159 2201 optima
1172 2104 1278 2175 disei-

190 2206 298 2305 pdna,
325 2207 622 2302 paeanaseqnitnr
646 2213 705 2278 aut
730 2207 909 2301 dactylum,
936 2207 1150 2302 fugitantem
1171 2231 1277 2303 spen-

190 2308 287 2380 deum
304 2317 338 2379 et
354 2308 690 2399 nemaeum·.,.Qu0d
707 2310 794 2380 enirn
809 2333 918 2410 paean
936 2310 1058 2381 habeat
1073 2309 1135 2380 tris
1143 2310 1276 2401 ⁸brevis,

190 2406 338 2506 dactylus
358 2411 587 2502 'autem.duas‚
609 2457 753 2484 .........
772 2413 934 2500 breuitate
956 2421 990 2483 et
1011 2410 1182 2485 eeleritate
1204 2411 1276 2506 syl-

147 2551 150 2566 =
188 2513 341 2585 labaium
357 2513 426 2584 labi
443 2521 537 2609 putat
550 2515 654 2591 uerba
670 2513 861 2609 procliuius,
879 2523 1057 2610 eennaqne
1071 2513 1221 2585 accidere
1239 2515 1275 2586 in

189 2615 335 2712 spnnden
353 2623 387 2686 et
403 2615 576 2705 neehaem
599 2616 686 2711 qued
707 2615 830 2687 altere
853 2617 962 2712 iungis
984 2623 1167 2706 constaret,
1190 2617 1277 2688 alter

189 2718 379 2790 ebrevibus
396 2717 506 2809 tieret,
530 2719 667 2788 alteram
688 2717 786 2790 nimis
799 2719 994 2810 incitatam,
1017 2719 1154 2790 alteram
1176 2717 1274 2789 nimis

123 2837 184 2898 192
192 2820 319 2893 tardam
337 2821 531 2912 orationem,
549 2828 699 2894 neutram
716 2829 941 2917 temperatam.
976 2819 1048 2893 Sed
1065 2833 1098 2893 et
1114 2821 1166 2890 illi
1182 2821 1275 2917 prin-

44 2970 49 2983 κ
185 2927 242 2995 res
260 2929 389 3015 errant,
412 2933 446 2994 et
462 2921 619 3021 Ephorus
636 2923 673 2994 in
690 2923 789 3020 eulpa
806 2931 867 2996 est.
920 2922 1007 2994 Nam
1025 2924 1130 3020 etqui
1147 2947 1275 3019 paeana

187 3033 419 3122 praetereunt,
453 3051 521 3098 nun
550 3025 662 3097 vident
691 3026 921 3097 mollissimum
935 3043 971 3096 'a
1000 3051 1073 3098 sese
1104 3050 1274 3098 numerum

51 3125 58 3149 '
179 3129 390 3224 {eundemque
408 3128 647 3224 amplissimum
662 3129 847 3224 praeteri-i.
901 3128 998 3219 Quud
1020 3129 1120 3224 lenge
1137 3128 1273 3200 Ariste

109 3311 116 3330 Ι
187 3231 249 3301 teli
263 3231 393 3302 videtur
407 3255 520 3321 senus,
543 3231 600 3325 qui
621 3231 746 3310 iudicat
767 3231 903 3302 hereum
924 3253 1095 3302 numerum
1115 3223 1274 3326 grandin-

176 3357 258 3403 ·rem
283 3349 390 3428 qnam
407 3331 572 3403 desideret
595 3333 705 3403 seluta
731 3333 853 3425 eratin,
880 3333 1023 3412 iambum
1045 3340 1153 3404 autem
1176 3333 1272 3404 nimis

188 3435 350 3529 evulgari
368 3458 441 3507 esse
459 3459 621 3505 sermone.
673 3432 731 3505 Ita
749 3459 856 3530 neque
878 3435 1034 3517 humilem
1056 3443 1090 3506 et
1111 3436 1273 3506 abiectam

189 3538 371 3609 orationem
389 3559 459 3606 nee
468 3536 566 3606 nimis
581 3537 730 3606 eltamet
742 3545 976 3632 exaggeratam
992 3539 1124 3633 prebat,
1139 3537 1272 3634 ‹pienam

176 3643 179 3694 ἓ
196 3645 307 3711 tamen
319 3663 391 3710 enm
407 3637 475 3708 velt
491 3659 564 3710 esse
581 3638 763 3732 gravitatis,
780 3646 816 3708 ut
829 3663 885 3710 ens
898 3639 955 3734 qui
966 3639 1101 3715 audient
1114 3640 1155 3710 ad
1170 3640 1273 3710 maie-

122 3759 189 3819 193
197 3767 269 3816 rem
290 3739 536 3812 admirationem
555 3739 661 3835 pessit
680 3740 864 3814 uariurere.
916 3739 1128 3814 Trneinaeum
1153 3751 1272 3833 antem,

189 3845 244 3942 qni
272 3851 327 3916 est
354 3841 470 3913 endem
497 3842 605 3937 spatie
635 3865 698 3936 quo
726 3842 882 3934 choreus,
915 3845 1089 3915 enrdueem
1114 3844 1271 3941 appellat,

58 3951 62 3957 “
189 3947 267 4044 qnia
288 3943 471 4016 eontraetio
498 3951 531 4012 et
556 3943 698 4014 brevitas
721 3944 913 4040 dignitatem
939 3970 1007 4017 non
1032 3947 1167 4018 habeat·
1216 3944 1271 4016 lta

189 4051 318 4147 paeana
338 4045 458 4143 prebat
480 4067 584 4138 eoque
605 4045 651 4118 ait
671 4047 718 4118 uti
741 4047 862 4140 amnis,
882 4047 1048 4144 sedipsos
1066 4073 1134 4120 nen
1151 4049 1270 4120 sentire

190 4177 265 4224 cnm
289 4155 439 4221 utantur:
466 4169 539 4216 esse
565 4155 673 4218 antem
698 4149 830 4221 tertium
852 4173 892 4221 ae
913 4151 1060 4223 medinm.
1075 4152 1163 4222 inter
1184 4151 1269 4238 iiius,

190 4254 248 4328 sed
269 4254 318 4323 ita
339 4250 454 4320 iaetus·
469 4271 525 4318 ees
539 4248 646 4343 pedes
668 4275 756 4343 esse,
778 4253 871 4323 utin
893 4251 1034 4346 singuiis
1055 4241 1172 4324 mddus
1193 4251 1270 4324 insit

68 4409 72 4432 .
174 4352 247 4445 pant
262 4350 452 4450 sesquiplex
470 4359 526 4422 aut
543 4351 666 4447 duplex
682 4363 827 4450 autvpar.
869 4353 1072 4450 itaqu-eiiii
1093 4355 1133 4428 de
1155 4355 1270 4452 quibus
