2764 4978
4 421 8 438 ’
114 431 137 494 ι
344 457 346 466 ·
435 475 439 480 .
564 427 757 522 aaaron
823 491 825 496 ,

44 587 48 592 ⁸
114 605 223 678 tenuis
240 601 284 676 sit
301 611 399 700 utque
420 603 608 694 inornatus,
630 603 689 676 sed
706 602 794 700 quod
811 603 894 677 nihil
910 601 1030 675 haheat
1041 602 1203 692 insolens

115 716 173 780 aut
197 707 360 802 ineptum.
409 703 637 779 Ornaterero
659 713 693 776 et
713 706 858 802 graviter
878 714 912 776 ct
932 705 1065 801 copioso
1077 706 1203 776 dicere

115 818 173 880 ιιιι
184 809 375 890 Atticorum
391 809 446 900 sit,
465 814 522 880 eut
539 833 581 886 ne
598 807 642 882 sit
653 807 840 886 Aeschines
856 813 940 880 neue
956 806 1203 880 Barnosthenes

68 927 110 988 3⁰
119 911 265 984 Atticus
316 909 410 984 Ecce
432 917 542 986 autem
563 909 666 1004 aliqui
692 934 728 981 se
749 907 975 1003 Thucydidios
1001 933 1074 982 osse
1084 909 1204 1006 profi-
1311 985 1322 994 ,

115 1021 242 1104 tentur,
264 1037 393 1084 novum
391 1011 564 1108 quoddam
581 1011 807 1108 imperitorum
824 1021 858 1084 et
877 1012 1062 1084 inauditum
1081 1035 1204 1108 genas.

113 1114 203 1188 Nam
216 1113 332 1210 quil
322 1115 423 1186 usiam
437 1123 632 1232 seqrrnntur,
649 1113 853 1186 causidicum
870 1114 1034 1208 quendam
1051 1139 1205 1210 seqnuu

88 1235 91 1244 '
115 1228 185 1309 tur,
207 1241 274 1288 non
295 1217 389 1288 ihmu
398 1207 543 1324 quidem
564 1215 708 1312 amplum
730 1224 828 1311 atque
849 1215 1024 1309 grandem,
1046 1217 1205 1288 subtilem

115 1328 150 1392 et
175 1319 359 1414 elegantem
385 1326 494 1390 tamen
525 1325 558 1390 et
588 1318 645 1412 qui
674 1318 710 1400 iu
739 1318 926 1394 forensibus
956 1319 1066 1390 causis
1096 1319 1207 1414 possit

115 1421 287 1518 praeclare
312 1421 505 1492 consistere
558 1419 770 1514 Thucydides
800 1427 910 1492 autem
939 1445 994 1492 res
1025 1431 1136 1516 gestas
1165 1429 1207 1492 'ct

115 1524 205 1596 helle
227 1531 342 1602 namet
362 1529 396 1594 ct
416 1522 544 1618 prreelia,
565 1523 709 1618 graviter
731 1545 812 1594 seno
834 1530 868 1592 et
886 1523 1006 1618 prohe,
1033 1522 1092 1599 sed
1116 1521 1206 1594 nihil

116 1628 158 1696 ab
185 1650 225 1698 eo
251 1623 426 1697 transferri
449 1632 559 1720 potest
584 1625 627 1695 ad
652 1624 816 1698 sorensem
839 1649 933 1698 usum
960 1632 994 1695 ot
1019 1625 1205 1720 publicum.

115 1727 217 1823 Ipsam
238 1726 318 1798 illae
336 1725 513 1804 conciones
533 1727 581 1798 ita
597 1726 718 1800 inultas
736 1727 859 1798 hahent
876 1727 1034 1800 obscuras
1053 1726 1207 1803 auditas-

116 1854 181 1925 que
202 1829 399 1920 sententias,
421 1829 478 1899 rin
499 1836 537 1902 ιιι
557 1828 803 1922 intelligentur:
826 1827 914 1923 quod
931 1837 982 1900 est
998 1829 1034 1900 in
1051 1829 1206 1902 oratione

68 1930 615 2022 ’31ιίιίΙίιίιὶιιιιιιιιιιιιιιιιιιιιιιι.
656 1930 751 2022 Quae
769 1939 819 2002 est
836 1931 971 2002 autem
961 1955 997 2002 m
1014 1931 1205 2004 hominihus

116 2040 209 2122 tauta
226 2033 440 2128 perversitas,
463 2041 500 2104 ut
520 2033 662 2108 iuuentis
684 2024 835 2128 frugibus
856 2032 978 2128 glande
999 2030 1204 2132 vescantur?

80 2207 83 2216 ,
116 2117 176 2208 Au
192 2135 298 2206 vietus
321 2134 488 2206 horminum
505 2135 760 2210 Atheniensium
776 2133 937 2208 beneficio
955 2134 1077 2207 cuculi
1082 2123 1205 2231 potuit,

116 2237 224 2310 oratio
241 2261 310 2308 uon
326 2235 458 2332 potuit?
512 2237 597 2328 Quis
617 2260 717 2332 porro
735 2261 879 2333 unquam
898 2234 1106 2316 Graecorum
1122 2237 1206 2308 rhe-

117 2349 225 2424 torum
243 2363 264 2408 a
281 2337 477 2434 Thucrrhdc
495 2339 672 2435 quidquam
689 2337 810 2416 duxit'd
852 2339 902 2410 At
919 2339 1072 2413 laudatus
1091 2341 1203 2412 estah

118 2442 281 2514 dumibus.
333 2439 473 2534 Fateor.
502 2440 560 2518 sed
580 2442 628 2511 ita
650 2449 687 2512 ut
708 2465 817 2518 rerum
839 2441 1024 2538 explicator
1040 2442 1205 2538 prudens,
1235 2484 1236 2494 ι

117 2525 268 2662 severus,
285 2545 415 2638 grauis.
435 2568 502 2616 uon
519 2543 582 2614 ut
572 2569 608 2614 ιιι
625 2541 756 2620 iudiciis
774 2550 920 2618 versaret
937 2556 1071 2634 caumes,
1089 2543 1148 2616 aed
1164 2553 1206 2615 ut

118 2647 155 2716 iu
172 2644 319 2718 historiis
337 2645 426 2716 helle
442 2653 605 2717 narraret.
657 2641 777 2740 Itaque
794 2669 962 2741 nunquam
979 2653 1030 2718 est
1046 2669 1206 2718 nurrrera-

72 2741 182 2824 satus
194 2755 316 2820 orator.
350 2745 424 2820 Ncc
440 2772 530 2843 uero,
548 2772 578 2820 su
567 2746 765 2828 historiam
782 2772 848 2820 non
866 2748 1065 2843 scripsisset,
1083 2771 1206 2824 nomen

119 2849 199 2922 eius
208 2873 276 2920 non
293 2857 437 2940 extaret,
453 2873 538 2923 cum
547 2847 876 2952 pracsertirnduisset
892 2849 1071 2925 honoratus
1090 2857 1123 2921 et
1139 2874 1207 2922 no-

60 2983 61 2986 *
118 2951 208 3024 hilis.
260 2949 369 3028 Huius
387 2960 498 3027 tomen
514 2975 610 3028 nemo
628 2968 741 3056 neque
752 2952 924 3028 uerborum
943 2976 1049 3048 neque
1067 2960 1207 3030 senten-

99 3055 239 3132 ,tiorum
259 3037 454 3150 gravitatem
474 3053 636 3127 imitatur:
661 3053 734 3145 sed,
758 3078 832 3125 curu
853 3053 970 3130 mutila
992 3055 1151 3150 quaedam
1169 3062 1245 3150 ot*

118 3155 246 3228 hiantia
262 3155 366 3227 locuti
383 3165 476 3250 sunt,
498 3181 583 3257 quae
604 3156 706 3231 vel
678 3181 750 3228 srne
771 3180 846 3252 mag
828 3157 929 3228 oistro
951 3156 1062 3228 faeere
1083 3164 1206 3252 potue·

118 3264 214 3348 runt,
231 3282 405 3375 germanos
423 3283 459 3336 se
475 3266 593 3354 putant
611 3283 683 3330 csse
700 3217 953 3334 Thucudidas.
978 3256 1014 3334 N
1014 3266 1108 3334 actas
1129 3283 1206 3332 sum

50 3351 51 3356 ¹
120 3359 219 3430 etiam
249 3359 306 3461 qui
330 3359 564 3455 Xenophontis
594 3359 833 3434 similemesse
859 3368 1076 3446 secuerat.
1108 3359 1205 3436 cuins

121 3485 228 3538 sermo
250 3469 301 3532 est
321 3461 379 3534 ille
401 3459 531 3563 quidem
552 3461 650 3536 melle
672 3460 815 3554 dulcior,
842 3461 901 3540 sed
922 3487 943 3532 a
964 3385 1089 3534 hoiensi
1114 3469 1205 3536 stre-

120 3563 193 3660 pitu
217 3565 465 3640 renuetissimus-

74 3675 115 3734 33
226 3665 277 3736 X.
329 3663 527 3744 Referemus
552 3689 613 3742 uos
624 3663 740 3760 'igitur
765 3664 807 3740 ad
832 3689 906 3742 euru
933 3690 1029 3766 quem
1055 3665 1205 3743 volumus
1247 3685 1254 3692 ·

121 3767 341 3840 inchoandum
363 3775 397 3840 et
418 3766 531 3839 eadem
552 3765 770 3863 eloquentia
760 3793 795 3838 m
798 3765 1017 3860 somniandum,
1045 3791 1190 3876 quam
1167 3767 1205 3842 iu

121 3868 214 3940 nullo
240 3871 394 3970 cognorit
414 3869 594 3944 Antonius.
646 3863 731 3939 Mar
709 3894 809 3964 guum
832 3893 914 3966 opus
936 3871 1068 3944 ornnino
1091 3865 1125 3940 et
1146 3893 1205 3940 ar-

121 3970 241 4062 duum,
268 3971 394 4063 Bruto,
421 3993 598 4042 conamur.
625 3971 683 4043 sed
704 3971 787 4042 nihil
809 3969 944 4044 difficile
966 3971 1089 4042 cruenti
1110 3979 1203 4066 puto.

121 4073 210 4144 Arno
224 4083 332 4149 antem
345 4085 378 4146 et
391 4097 519 4169 semper
531 4073 637 4144 amavi
653 4073 834 4168 ingenium,
853 4073 973 4164 stadie,
990 4097 1098 4144 urores
1116 4081 1203 4143 tuos.

121 4174 290 4248 Incendor
307 4200 406 4295 porro
423 4174 569 4272 quotidie
586 4176 708 4271 arogis,
730 4199 797 4248 non
816 4174 977 4248 desiderio
995 4174 1102 4245 solum
1121 4173 1202 4268 (quo

97 4275 253 4371 'quidem
287 4269 467 4368 crrudcior)
505 4301 703 4378 congressus
741 4285 893 4368 nostros,
933 4274 1203 4352 constratudiuem
1244 4329 1246 4336 .
