2684 4990
184 452 250 512 tte
342 447 605 500 commententur
626 411 664 499 iu
687 446 879 502 ciceronis
899 447 1111 504 onerosum.

90 697 94 706 Ι
183 625 260 684 docti
288 621 421 682 viderunt
448 622 608 681 conlirmari
636 629 741 680 reeens
766 633 885 700 reperto
913 619 978 682 Gaii
1000 633 1152 686 comment.
1174 622 1222 682 Ν.
1240 623 1263 700 5.
1333 617 1334 700 ¹

113 725 117 746 ¹
167 709 335 770 ‘ee-95.
380 706 446 766 Non
469 708 559 766 solum
582 727 652 766 vcro
671 727 775 766 causae
794 709 863 766 iuris
882 709 987 779 civilis,
1015 707 1067 767 sed
1086 709 1171 768 etiam
1188 719 1264 767 uatu-
1333 767 1334 778 ,

182 797 273 866 tales,
300 805 332 853 nt
349 793 512 865 alluvioais3
542 812 597 852 nec
615 793 704 850 solum
723 793 850 852 rationes
868 793 1051 865 familiarum,
1078 805 1110 852 ut
1128 795 1265 872 gentilita—
1333 801 1334 862 i

181 892 241 952 tes,
265 880 449 958 agnationes,
473 879 595 948 tutelae,
615 877 667 936 scd
686 880 771 938 etiam
790 880 970 951 commercii,
988 890 1020 938 ut
1037 899 1128 938 nexus
1147 890 1176 938 et
1193 900 1265 939 man·
1333 867 1334 912 ¹

183 968 258 1045 eipia
282 985 318 1024 eo
340 962 531 1042 pertinebant.
575 963 699 1022 Videtur
720 975 815 1022 tamen
838 964 976 1043 quaedam
999 965 1185 1026 cohaerentia
1206 986 1263 1024 cnm
1333 999 1334 1014 ι

183 1051 351 1130 antiquitate
378 1051 565 1119 remansisse,
593 1050 673 1108 cuius
698 1049 850 1128 vestigium
877 1052 906 1108 in
933 1062 1115 1110 sacramento
1143 1062 1263 1130 apparet,

184 1135 259 1218 qued
277 1137 305 1194 in
325 1136 418 1194 causis
437 1135 686 1196 centumviralibus
704 1135 878 1194 retinebant.
922 1134 1045 1195 Videtur
1062 1147 1216 1215 practerea
1232 1136 1264 1194 de

183 1223 239 1282 boc
262 1213 439 1292 constitisse,
467 1222 557 1298 magis
579 1221 608 1278 in
632 1221 688 1278 illis
711 1218 824 1279 iudiciis
847 1219 883 1280 de
906 1220 1073 1294 iudicando,
1101 1239 1183 1301 qnam
1204 1242 1265 1281 ern·

184 1307 258 1368 endo
282 1307 360 1366 saeta
384 1307 446 1384 agi,
475 1306 573 1384 quaeri
592 1305 628 1364 de
647 1307 709 1364 iure
727 1307 842 1364 incerto
859 1308 920 1366 sive
938 1309 1098 1386 acquitate,
1125 1327 1217 1388 neque
1234 1309 1265 1366 il·

184 1392 231 1456 tut
255 1391 348 1454 damni
372 1391 505 1450 indicium
525 1411 590 1466 csse
608 1402 656 1450 aut
674 1390 783 1450 tenen.
828 1391 892 1450 Nee
912 1391 1056 1452 debebant
1073 1413 1177 1452 cauma
1195 1412 1264 1462 esse,

71 1541 75 1548 ,
184 1478 284 1558 quibus
302 1477 377 1536 iulra
396 1487 505 1535 certum
524 1461 655 1556 quiddam
673 1477 709 1535 lis
727 1479 937 1550 aestimaretur,
960 1498 1127 1558 quamquam
1145 1499 1163 1538 a
1180 1478 1265 1538 Plinio

183 1563 286 1643 Epistt.
305 1565 334 1633 2,
354 1565 404 1635 14,
423 1565 453 1620 1.
473 1581 578 1622 causac
596 1563 817 1622 centumvirales
830 1583 946 1641 paruae
966 1574 998 1622 ct
1014 1566 1108 1624 cailes
1124 1565 1265 1622 nominan-

183 1660 238 1708 tur.
284 1647 397 1718 Serius,
424 1667 506 1726 quum
530 1669 586 1706 non
610 1649 665 1706 iam
688 1649 788 1707 amnia
809 1650 838 1708 in
861 1650 940 1721 loro,
968 1669 1025 1708 nou
1048 1651 1143 1708 amnia
1161 1650 1266 1728 legibus

184 1745 233 1794 aut
259 1718 342 1812 apudl
359 1744 510 1811 praetores
533 1744 719 1812 gererentur,
747 1735 838 1793 maior
859 1754 1007 1794 causarum
1030 1737 1265 1796 centumviralium

185 1819 308 1898 dignitas
335 1819 401 1890 l'ait,
429 1829 504 1877 teste
531 1831 651 1878 auctore
675 1818 784 1898 dialogi
806 1819 842 1879 de
866 1831 952 1879 oratt.
977 1841 1003 1879 c.
1026 1823 1077 1880 38.
1101 1823 1182 1900 apud
1202 1840 1266 1899 quos

187 1913 314 1978 (veteres
341 1904 485 1964 Romanos
513 1903 564 1962 Cn.
593 1904 722 1983 Pompeii
745 1910 854 1978 aetate)
879 1917 989 1984 quanto
1013 1911 1128 1966 maiora
1150 1909 1265 1984 negotia

186 1991 253 2057 olim
281 1991 421 2048 exerceri
442 1991 532 2048 solita
557 1992 631 2060 emt,
660 1992 738 2068 quod
762 1994 856 2051 morus
879 2001 1081 2070 argumentum
1105 2002 1161 2063 cst,
1189 2010 1265 2070 quum

186 2077 265 2153 quod
286 2094 393 2134 causae
417 2077 656 2146 centumvirum,
684 2096 760 2154 quae
782 2097 860 2136 nune
872 2079 999 2154 primum
1019 2077 1157 2136 obtineat
1170 2079 1265 2146 lacum,

187 2161 261 2219 adca
278 2161 438 2238 splendore
456 2161 582 2220 aliorum
600 2163 775 2220 iudiciorum
793 2162 1009 2234 obruebantur,
1028 2173 1063 2222 nt
1077 2183 1172 2240 neque
1192 2164 1266 2221 Cice·

186 2248 269 2304 rancia
285 2265 381 2324 neque
401 2247 538 2304 Caesaris
555 2266 649 2324 neque
666 2249 758 2306 Bru'ti
771 2267 865 2325 neque
886 2249 983 2306 Caelii
998 2267 1092 2325 neque
1113 2249 1205 2318 Calui,
1215 2267 1266 2306 nan
1333 2285 1335 2322 ;

187 2333 311 2409 denique
333 2332 422 2390 ultim
443 2333 547 2410 magni
566 2333 697 2390 oratoris
719 2332 893 2410 liber,upud
909 2335 1104 2392 consummem
1121 2334 1216 2392 dican
1231 2334 1267 2390 lc·

184 2426 287 2496 gutur,
307 2418 439 2495 ecoepnzs
456 2417 641 2476 orationibus
657 2419 771 2488 Asinii,
792 2437 867 2495 quae
880 2437 939 2495 pro
958 2418 1115 2478 heredibus
1136 2419 1267 2478 Urbiniae
1333 2443 1334 2446 ¹

188 2501 402 2572 inscribuntur,
416 2541 417 2546 κ
431 2502 469 2560 ab
491 2504 554 2580 apso
579 2511 675 2563 tamen
697 2503 832 2562 Pollione
849 2500 957 2563 ¹mediis
979 2506 1042 2562 dz‘ui
1055 2506 1191 2582 Augusti
1206 2513 1267 2562 tcm-

183 2587 308 2666 poribus
329 2586 464 2658 habitae,
487 2598 643 2665 postquam
667 2588 758 2665 longa
782 2597 940 2666 temporum
964 2591 1044 2668 quies
1062 2600 1095 2648 et
1109 2592 1268 2648 contr‘nunn
1334 2639 1335 2660 2

141 2719 143 2730 .
183 2673 292 2751 populi
312 2674 401 2732 otium
426 2682 457 2731 et
480 2675 603 2732 adsidua
622 2682 742 2731 senonas
761 2675 964 2751 tranquillitas
981 2685 1012 2733 et
1026 2677 1150 2734 maurini
1161 2675 1268 2753 princi·

56 2777 61 2790 ⁴
184 2758 519 2836 peremptoriarum
538 2778 652 2836 quoque
671 2759 882 2835 eloquentiam,
908 2761 987 2818 sicut
1003 2762 1101 2819 omnin
1119 2761 1196 2831 ulia,
1218 2775 1268 2837 pa·

189 2852 320 2904 caverat.
348 2842 407 2902 lllis
425 2854 520 2903 antem
538 2843 595 2900 litis
613 2844 781 2902 aestimatae
800 2863 863 2906 cum
882 2845 1194 2923 circumscriptionibus
1212 2862 1269 2902 cre-
1330 2812 1334 2894 ¹

189 2928 276 2990 dibile
300 2939 345 2988 est
368 2948 466 2988 amnes
488 2947 589 2988 causas
611 2929 640 2986 iu
658 2927 764 2986 iudicio
784 2930 988 2989 centumviritat
1008 2929 1100 2990 dietas
1119 2949 1199 3002 esse,
1225 2949 1269 2988 cx·

189 3014 282 3094 ceptis
300 3014 366 3086 illis,
385 3034 457 3093 quae
477 3034 574 3074 caram
592 3009 845 3092 recuperatoribus
862 3015 1030 3093 agebantur,
1051 3027 1081 3076 et
1095 3017 1269 3074 causismern

189 3100 353 3177 praetoriis.
399 3099 534 3160 Poterant
559 3101 646 3160 etiam
670 3119 773 3176 causae
797 3101 1015 3161 centumvirales
1034 3100 1188 3160 ordinariis
1205 3098 1269 3158 iudi-

94 3253 97 3262 ,
190 3184 270 3244 cibus
293 3183 473 3257 demandari,
502 3206 585 3265 qaum
604 3197 707 3245 neuter
725 3187 895 3264 litigantium
913 3197 1057 3265 perstaret
1075 3187 1102 3244 in
1122 3206 1209 3246 eausa
1224 3201 1269 3263 per

190 3271 382 3329 centumviros
404 3270 619 3348 cognoscenda.
664 3271 708 3330 lle
732 3273 826 3330 causis
849 3272 1099 3330 centumviralibus
1121 3283 1187 3350 post
1207 3268 1269 3328 mul·

190 3365 235 3413 tos
258 3355 330 3414 alios
353 3367 476 3433 egerant
498 3355 648 3435 Spalding.
671 3355 708 3414 ad
731 3356 846 3428 Quintil.
871 3359 925 3428 11,
953 3359 987 3428 3,
1016 3357 1087 3416 127.
1110 3357 1177 3416 Vol.
1199 3359 1228 3414 4.
1243 3373 1267 3432 p·

189 3440 264 3498 431.
282 3450 312 3498 et
329 3441 484 3518 praecipue
503 3440 537 3498 E.
557 3441 777 3518 spangenberg.
801 3441 875 3520 apud
892 3442 1042 3501 Ersebium
1060 3453 1091 3503 et
1109 3441 1227 3502 Grnber.
1243 3439 1266 3496 in

190 3524 311 3604 Eucycl.
334 3523 397 3582 AA.
422 3535 451 3582 ct
473 3525 533 3583 LL.·
556 3526 622 3586 vot.
646 3529 676 3584 1.
699 3548 726 3603 p.
750 3529 822 3586 145.
864 3565 876 3572 -
911 3527 1046 3588 Ceterum
1070 3527 1106 3586 de
1128 3529 1178 3600 iis,
1205 3541 1266 3604 quat

192 3609 297 3668 Cicero
316 3611 362 3668 bic
381 3610 530 3688 praecipit,
550 3611 628 3668 coni.
648 3611 764 3688 Quintil.
784 3615 813 3683 8,
833 3615 861 3684 3,
881 3615 932 3671 14.

277 3697 357 3772 apud
373 3715 460 3756 unum
478 3697 611 3756 iudicem.
630 3695 696 3754 Non
715 3709 784 3776 puto
802 3699 857 3756 boc
876 3697 982 3757 dictam
1002 3717 1067 3758 esse
1085 3699 1198 3757 ratione
1207 3697 1266 3760 cias,

192 3780 238 3858 qui
261 3779 368 3839 iudicio
392 3791 540 3859 praeerat,
568 3780 620 3840 sed
643 3784 731 3841 totius
753 3781 866 3854 indicii,
894 3785 940 3842 cui
964 3784 1111 3842 contrarie
1135 3784 1268 3862 cogitatur

192 3864 340 3926 multitude
363 3867 432 3937 leri,
460 3885 543 3946 quum
566 3865 602 3926 de
626 3869 720 3926 causis
737 3868 858 3947 publicis
876 3869 1091 3946 transigebatur
1108 3889 1203 3929 rernm
1219 3883 1268 3925 nte·

191 3952 338 4010 rimarum.
358 3950 441 4014 Gaul.
461 3951 497 4011 de
517 3963 576 4030 opt.
596 3973 662 4030 gen.
682 3964 767 4012 oratt.
785 3959 816 4024 4,
836 3956 886 4034 ll).

150 4061 153 4068 ·
278 4037 461 4115 amplissimis
477 4037 583 4100 verbm
605 4040 635 4096 ia
654 4037 718 4098 dem
736 4038 867 4098 edelstan
884 4037 1047 4100 Ausdruck.

278 4123 314 4184 de
335 4124 497 4196 majestate.
520 4124 539 4180 i.
563 4143 591 4201 (p
610 4125 646 4182 de
668 4127 794 4184 Romani
809 4127 928 4203 imperii
943 4127 1090 4203 dignitate
1109 4134 1197 4203 utpue
1211 4121 1267 4199 gio·

191 4210 241 4268 rin
266 4208 296 4268 ia
323 4219 396 4268 erat.
423 4227 475 4286 pro
503 4208 560 4286 leg.
586 4205 683 4267 blanil.
708 4209 734 4285 §.
758 4212 808 4268 ll.
834 4209 1023 4269 Ceni’bains
1046 4209 1112 4268 libri
1134 4211 1185 4279 29,
1207 4206 1267 4265 tut.

193 4304 265 4354 extr.
294 4292 386 4380 Nimis
408 4294 585 4372 restringunt
606 4294 782 4372 interpretes
804 4293 839 4354 ad
864 4296 973 4354 crimen
996 4296 1093 4354 laesae
1115 4289 1266 4366 maiestatis.
