2746 4994
173 514 339 568 camut.
356 517 507 568 200-202.
543 513 695 570 Cff-LX.
713 517 772 570 2⁰3.
808 513 971 572 clauum.
989 518 1048 570 201.
1098 517 1161 578 M

165 689 254 764 quari
277 692 454 748 necessitati.
483 689 503 746 i.
525 707 554 747 e.
575 689 624 774 xeie
652 689 749 766 tolgan
776 691 859 748 einer
883 688 939 749 Art
963 709 1019 749 von
1045 689 1161 768 Zwang.

83 768 193 830 Etenim
211 786 317 854 poetae
336 787 432 834 certus
450 773 620 854 syllabarum
639 784 669 832 et
685 773 758 833 ordo
777 785 807 833 et
824 794 956 834 uumerus
970 777 1162 854 praescriptae

82 865 134 914 est.
158 858 225 934 „Qui
257 871 370 931 autem,
406 859 452 918 hio
485 859 584 944 aliquis
616 871 751 940 quaerat,
788 871 893 939 poetae
925 862 1047 922 liberius
1077 863 1161 920 etiam

82 945 203 1002 numeris
235 956 378 1015 utuntur„
402 945 425 1004 si
457 946 485 1004 iu
517 947 640 1005 numeris
673 947 839 1006 necessitati
871 965 976 1024 parere
1003 949 1162 1025 eoguntur?
1264 973 1271 992 κ

81 1023 191 1086 Etenim
211 1031 335 1091 liberius
353 1041 398 1089 est
415 1030 535 1108 largius,
560 1041 590 1088 et
606 1042 725 1110 poetae,
750 1029 858 1110 quiid,
882 1019 958 1110 quod
981 1041 1069 1090 totum
1092 1052 1162 1090 eoo·

82 1120 135 1168 stat
153 1131 170 1170 e
189 1117 329 1187 numeris,
348 1126 480 1186 tractant,
500 1135 617 1182 numero
636 1117 743 1194 largius
761 1127 886 1186 utuntur,
906 1135 986 1196 quam
1006 1119 1162 1195 scriptores

81 1213 183 1274 prosae
204 1202 358 1274 orationis,
378 1199 453 1280 apud
473 1221 542 1280 quos
561 1202 688 1260 nonnihil
708 1202 792 1262 etiam
812 1213 892 1270 extra
910 1199 1022 1260 modum
1041 1201 1081 1260 lit.

159 1337 216 1377 nee
233 1322 323 1378 ntiat's
341 1340 403 1378 esse
421 1322 551 1390 diuerso,
575 1340 670 1398 neque
693 1322 877 1379 nullomodo
897 1323 1064 1378 eonz'uneta.
1101 1317 1163 1377 lieo

78 1409 133 1469 eet,
160 1401 237 1464 doeh
268 1405 338 1463 lttsst
366 1405 427 1463 sich
454 1404 533 1463 nicht
559 1404 685 1476 dorileu,
714 1405 778 1464 dass
803 1404 883 1464 diese
906 1403 1066 1484 lllrytlrmeu
1089 1425 1163 1482 ganz

78 1482 251 1566 heterogeu,
271 1491 345 1549 noch
362 1489 426 1549 dass
445 1491 487 1548 sie
500 1491 552 1549 auf
566 1491 651 1550 keioe
666 1492 768 1549 Weise
786 1489 932 1550 verwaudt
950 1489 1039 1549 seieu.
1068 1490 1162 1566 Vulgo

78 1568 245 1646 legebatur:
267 1595 361 1654 neque
379 1577 537 1634 ullomodo
553 1577 719 1646 coniuncta,
738 1595 877 1654 „prorsus
896 1577 1007 1654 inepte:
1029 1577 1070 1634 sie
1089 1575 1163 1640 enim

79 1653 195 1718 alterum
211 1655 414 1720 disiunctioais
433 1661 585 1746 membrum
605 1661 672 1718 nihil
692 1660 822 1720 dilforret
840 1681 857 1719 a
874 1663 1004 1740 priore.“
1032 1660 1162 1730 Scuurm,

80 1742 124 1816 qui
139 1753 233 1805 tamen
252 1757 282 1805 et
297 1749 357 1824 ipse
372 1748 461 1804 minus
475 1757 542 1830 apte
557 1747 687 1826 scripsit:
708 1767 802 1824 neque
816 1748 896 1804 trullo
915 1765 973 1804 non
992 1749 1075 1804 modo
1094 1765 1164 1804 eon·

80 1826 178 1887 iuncto
193 1833 329 1909 intelligi
341 1833 419 1890 lieet.
443 1831 554 1890 Etenim
571 1851 664 1909 neque
678 1833 738 1889 ullo
754 1833 838 1890 medo
853 1842 910 1889 etc.
926 1842 984 1889 est:
1007 1829 1080 1888 doeh
1096 1832 1165 1889 lasst

79 1910 137 1967 sich
151 1916 232 1975 uioht
249 1917 371 1987 derlee,
387 1915 451 1975 dass
467 1915 546 1976 diese
560 1916 720 1996 Rhythmeu
735 1935 807 1994 ganz
823 1916 993 1994 heterogeu‚
1012 1915 1069 1974 oud
1086 1916 1165 1974 oiclrt

80 1997 129 2052 aui
143 1999 249 2078 irgeud
267 2003 332 2060 eine
346 2003 449 2060 Weise
467 2001 632 2060 verbunden
646 2003 726 2060 seieu
741 2004 761 2059 i.
776 2021 802 2060 e.
818 2001 883 2060 does
897 2003 940 2060 sie
958 2001 1009 2059 aui
1023 2003 1164 2060 keiuerlei

78 2076 179 2144 Weise
201 2087 369 2147 verbunden
394 2087 483 2146 seiau.
521 2086 583 2144 lloe
605 2106 675 2145 vero
698 2086 773 2145 idem
797 2097 854 2157 est,
879 2106 914 2145 ae
933 2085 1008 2164 quod
1026 2089 1054 2146 io
1074 2087 1164 2167 priori

79 2168 203 2243 membro
227 2171 309 2230 dixit.
345 2170 500 2248 ltneque
522 2173 602 2229 uallo
626 2189 685 2229 non
708 2173 792 2229 modo
820 2183 877 2241 est,
906 2170 979 2230 doeh
1007 2173 1076 2230 lasst
1103 2171 1164 2230 sielr

78 2250 156 2310 uielrt
169 2253 295 2327 derlee,
314 2255 378 2314 dass
393 2255 472 2314 diese
487 2255 645 2334 Rhythmeo
665 2275 738 2332 ganz
757 2255 927 2332 helmger,
946 2256 1003 2314 uod
1021 2257 1098 2316 uielrt
1116 2257 1169 2315 aui

74 2332 144 2408 jede
163 2341 267 2401 Weise
287 2339 452 2400 verbunden
470 2341 567 2412 seieu,
586 2340 615 2398 id
634 2339 710 2419 quod
728 2339 878 2398 absurdum
897 2351 951 2399 est.
986 2363 992 2378 ¹

163 2461 300 2501 numerus
318 2453 408 2500 cetat.
432 2442 459 2500 lr.
485 2461 511 2500 e.
536 2443 687 2501 manifesto
711 2453 859 2522 appareat.
896 2441 945 2502 Sic
969 2439 1004 2503 de
1029 2441 1107 2502 0rat.
1132 2446 1161 2515 1,

80 2523 128 2594 16,
148 2525 200 2585 72.
220 2539 349 2607 apparet
364 2538 452 2608 atque
471 2537 565 2586 eatot.
602 2527 725 2586 Scuurz.

532 2681 615 2742 Car.
648 2681 711 2742 LX.

163 2783 190 2859 ἓ.
213 2787 286 2844 203.
321 2786 358 2846 Si
382 2785 479 2848 toene:
503 2788 533 2846 io
558 2787 638 2846 omui
660 2795 751 2863 porte
772 2785 936 2844 uerborum.
973 2769 1053 2846 Haeo
1075 2784 1164 2846 verba

78 2859 214 2944 Meyerus
233 2870 364 2940 seclusit,
389 2871 453 2948 quia
477 2891 544 2930 mox
565 2869 640 2930 idem
662 2881 810 2949 repetatur
831 2870 944 2930 verbis:
968 2874 998 2928 si
1013 2891 1068 2948 quo
1088 2872 1163 2941 loeo,

80 2949 110 3008 in
129 2961 192 3014 toto
211 2957 434 3014 eoatt‘naotione
456 2957 619 3016 verborum.
654 2953 695 3014 At
716 2967 818 3014 auetor
840 2955 866 3031 ἕ.
887 2955 958 3015 179.
980 2957 1049 3014 item
1072 2952 1164 3032 dupli-

80 3034 152 3096 oiter
174 3039 212 3100 de
236 3041 301 3098 loeo
324 3041 482 3118 quaesivit:
510 3040 563 3100 aii
581 3043 624 3100 ait
638 3033 767 3118 poeitae,
795 3039 877 3098 dein:
907 3061 963 3117 quo
986 3042 1060 3100 loeo.
1097 3039 1163 3100 Vid.

80 3113 290 3202 Prolegomena
315 3125 351 3186 de
380 3123 473 3184 doctr.
501 3127 609 3184 numeri
638 3145 663 3184 e.
689 3127 718 3186 2.
746 3125 772 3204 5.
797 3129 826 3184 1.
862 3125 946 3184 Prior
972 3125 1100 3204 quaestio
1128 3124 1163 3184 ad

81 3223 190 3270 omnem
217 3222 327 3290 partem
354 3211 505 3282 orationis,
532 3211 671 3282 membra,
698 3212 802 3282 ineisa,
830 3209 981 3281 ambitum
1009 3210 1101 3268 altera
1128 3209 1164 3268 ad

80 3291 168 3353 selum
188 3296 337 3369 ambitum3
357 3297 448 3354 altera
466 3294 503 3354 ad
521 3306 663 3368 naturam,
681 3293 718 3356 ad
736 3317 815 3356 usum
833 3296 946 3356 umeri
960 3295 1053 3354 altera
1070 3295 1163 3356 reler-
1275 3366 1277 3376 ,

81 3381 135 3435 tur.
154 3381 211 3442 vid.
230 3402 256 3442 c.
276 3383 326 3454 59,
346 3383 416 3442 199.
437 3382 487 3454 61,
506 3383 579 3440 204.

166 3517 286 3578 qaorum
314 3502 427 3562 modam
452 3509 541 3560 notet
564 3519 622 3559 ara.
658 3501 795 3581 llleyerue
817 3519 855 3560 ex
872 3502 1041 3560 coniectura
1058 3500 1089 3558 P.
1109 3501 1161 3560 Vi-

83 3584 165 3640 ctorii
185 3587 221 3645 V.
240 3585 274 3644 L.
295 3587 344 3656 13,
363 3588 394 3646 6.
417 3585 508 3645 edidit
530 3605 588 3645 aaa
611 3598 700 3653 notat
720 3607 779 3646 ara.
814 3585 921 3647 Verum
944 3589 982 3657 sl,
1007 3597 1037 3643 ut
1058 3585 1164 3664 legitur

82 3662 107 3737 §-
132 3669 220 3740 183„
248 3675 362 3730 notatio
386 3683 513 3732 naturae
536 3682 568 3730 et
589 3675 801 3733 animadversio
820 3674 943 3750 peperit
962 3681 1068 3740 ortem,
1094 3691 1164 3750 quo-

81 3751 165 3810 modo
184 3775 230 3813 ars
248 3758 348 3832 negari
365 3767 461 3834 potest
478 3769 580 3816 notare
595 3769 720 3818 naturam
735 3759 754 3815 i.
771 3775 798 3815 e.
813 3755 931 3814 modos?
949 3755 1043 3834 Atque
1057 3767 1163 3815 notare

81 3832 155 3893 idem
175 3849 233 3923 pst,
255 3839 333 3916 quod
356 3841 495 3912 definire:
520 3841 595 3920 quod
613 3863 698 3901 aures
717 3846 799 3920 ipsum
816 3843 835 3898 i:
854 3859 881 3899 e.
901 3841 962 3900 siue
985 3852 1048 3900 arte
1072 3844 1162 3900 tacito

80 3933 297 3995 tentaremur,
316 3921 346 3980 id
364 3935 426 3983 erte
445 3927 463 3983 i.
484 3943 510 3984 e.
524 3927 610 4001 ,claro
627 3947 712 3984 seusu
731 3923 878 4004 praeditae
897 3946 954 3985 nou
972 3925 1127 3985 notabunt?

168 4011 258 4068 tacito
275 4027 370 4068 teneat.
406 4004 502 4088 ἀλόγῳ
519 4013 572 4071 τινὶ
589 4005 731 4090 αἰσθήσει.

531 4161 615 4220 Car.
641 4162 716 4222 LXl.

167 4265 194 4341 ἓ.
212 4269 285 4326 204.
322 4267 351 4324 in
376 4283 431 4343 qao
454 4267 614 4343 quaesitum
638 4275 690 4326 eat.
718 4268 736 4324 i.
757 4287 782 4326 e.
801 4269 830 4326 io
849 4269 903 4346 q‘uo
923 4287 940 4326 a
959 4266 1077 4324 Graecis
1095 4265 1161 4326 rhe-

85 4345 192 4410 toribus
210 4353 308 4430 quaeri
328 4351 411 4411 solet.
447 4350 611 4414 &oculum
