2678 4974
467 491 1152 580 cnme.ss''ffi

4 679 5 722 3
72 691 151 750 'nictri
168 691 306 750 uitiositas
325 687 434 750 Graeci
449 707 550 750 versus
568 687 640 769 apud
660 691 859 764 Quintilianum
883 692 994 761 effecit,
1018 697 1048 750 ut
1066 689 1150 770 Spal·

4 787 5 794 ¹
76 774 146 852 diag.
164 777 229 834 Vol.
249 775 463 853 aperitin
488 785 561 836 nott.
580 786 645 834 crrt.
664 777 807 854 glossema
829 787 942 854 putaret
965 796 1041 848 eura,
1065 776 1159 855 quein

4 903 5 908 .
75 861 156 938 ipsum
174 859 243 920 dare
268 861 392 923 noluerit
411 859 608 932 Quintilianus.
652 861 759 932 „Erat,
784 862 838 932 ait,
862 862 980 922 solenne
999 863 1063 921 lere
1081 862 1149 922 rhe-

4 1007 6 1030 ,
74 947 189 1016 toribus,
218 947 338 1025 aliisque
361 946 443 1004 etiaar
472 945 674 1023 scriptoribus,
703 947 850 1025 respicere
879 945 914 1006 ad
942 967 1020 1018 euni,
1049 949 1147 1026 quiin

4 1035 6 1110 i
73 1029 244 1108 proverbium
268 1050 361 1110 paene
384 1031 506 1090 ahierat.
551 1030 594 1088 lta
617 1031 736 1102 lectum,
759 1041 790 1090 ut
808 1031 892 1090 etiana
910 1031 957 1090 hic
976 1053 1039 1092 euna
1059 1033 1148 1110 signi·

4 1111 6 1132 ³
74 1116 178 1176 licatuna
198 1137 215 1176 a
234 1117 406 1190 Quintiliano
425 1116 558 1174 nlliaeret
575 1117 754 1187 memoriter,
781 1118 827 1195 qui
849 1127 990 1176 tractaret
1010 1107 1148 1196 antiquis-

73 1202 161 1260 sirunra
177 1203 298 1280 aliquem
315 1200 455 1271 codicem,
475 1201 548 1261 male
566 1203 616 1262 καὶ
632 1202 775 1278 effingens
794 1221 830 1260 ex
849 1201 937 1260 latino
957 1210 1017 1260 et.“
1051 1202 1147 1282 Atque

73 1289 97 1344 iu
114 1287 342 1348 adnotationibus
361 1284 454 1355 addit,
476 1287 637 1346 versionum
661 1288 735 1346 hanc
759 1306 859 1346 versus
882 1288 982 1364 graeei
1001 1308 1018 1346 a
1037 1288 1148 1361 Quinti·

73 1371 206 1431 lionoris
225 1375 351 1451 potuisse
370 1370 482 1430 subiici.
526 1371 564 1431 Et
581 1373 612 1430 in'
627 1372 712 1432 Voss.
732 1374 760 1431 3.
781 1371 845 1430 eod.
874 1373 1037 1445 Quintiliani
1058 1391 1148 1450 nega·-
1199 1403 1203 1416 ι

73 1466 112 1514 lur
137 1478 235 1516 versus
263 1477 337 1516 esse.
383 1455 483 1516 Latina
505 1455 590 1516 modu
613 1457 637 1516 si
660 1477 677 1516 a
700 1459 861 1536 glossatore
885 1468 983 1523 essent
1006 1459 1146 1538 profecta,

72 1553 144 1618 prutat
161 1542 249 1601 verbo
270 1544 349 1600 linito
367 1542 441 1600 hunc
461 1542 547 1601 luisse
567 1563 695 1613 usurum,
718 1564 774 1602 non
793 1543 931 1600 infinitivo
951 1564 1029 1618 esse,·
1054 1563 1147 1624 neque

72 1647 221 1704 apparere,
246 1648 334 1706 quare
358 1627 433 1685 nullo
457 1637 610 1706 praeterea
633 1629 697 1686 loco
723 1627 834 1687 Graeco
858 1639 914 1686 tana
938 1629 1009 1688 male
1033 1627 1147 1688 sedulus

72 1702 206 1792 interpres
229 1733 294 1772 sese
318 1711 501 1790 prodidisset.
546 1712 637 1771 Etiam
661 1711 735 1792 quod
755 1713 904 1772 Ciceronis
923 1713 1003 1772 loeus
1022 1707 1058 1774 oh
1078 1734 1147 1774 oca-

73 1797 108 1855 los
129 1809 258 1856 versatus
281 1797 412 1857 rideatur
431 1797 618 1870 Quintiliano,
644 1797 838 1878 Spaldiagiunr
861 1800 966 1857 avertit
988 1820 1005 1858 a
1028 1798 1146 1858 Graecis

72 1881 108 1940 his
133 1885 210 1942 reris
238 1893 268 1941 ct
298 1883 442 1962 germanis
475 1881 637 1942 credendis.
683 1883 786 1942 Cicero
815 1895 950 1962 posuerat
971 1873 1147 1944 'sententiata

72 1968 167 2040 solam,
196 1969 289 2026 latinis
317 1965 411 2026 rerhis
439 1987 617 2048 expressam,
649 1990 705 2028 non
734 1990 845 2028 versura
874 1967 1023 2030 Graecum.
1069 1969 1147 2028 lden

73 2053 170 2113 iecisse
190 2055 390 2128 Quintilianum
409 2063 500 2132 putat,
520 2073 537 2112 a
557 2064 636 2112 tanto
655 2065 774 2113 auctore
793 2075 829 2112 ue
848 2055 876 2112 iu
895 2057 1015 2114 minimis
1035 2054 1147 2134 (paridem

72 2147 173 2198 temere
193 2139 380 2198 defecturum.
419 2138 551 2198 Ceterum
571 2139 740 2210 Barncsius,
759 2151 790 2197 ut
808 2142 915 2197 attonuit
934 2139 1007 2198 idem
1027 2141 1053 2198 in
1075 2151 1145 2198 nott.

73 2222 144 2298 criti,
172 2227 358 2302 lragureutuai
387 2223 441 2281 hoc
466 2225 594 2302 assignat
617 2221 795 2306 Philoctetae
818 2223 961 2302 Euripidis
986 2223 1146 2304 deperdito,

4 2319 5 2324 ’
73 2311 140 2368 nullo
164 2321 257 2368 tanuen
282 2307 476 2367 demonstrato
499 2319 627 2368 ueterum
651 2309 730 2380 loco,
755 2309 802 2367 ubi
825 2319 926 2367 auctor
949 2311 1033 2368 claris
1051 2309 1147 2368 verhis

72 2407 235 2454 irremoratus
255 2397 300 2453 sit.
336 2393 516 2470 dlusgravius
536 2413 572 2452 ex
590 2393 742 2456 Plutarcho
762 2393 825 2452 adr.
846 2393 938 2452 Colat.
958 2417 984 2474 p.
1005 2397 1096 2453 1108.
1114 2394 1146 2464 Β,

73 2479 183 2540 alternat
203 2471 502 2557 eiusd'eurlragiuenti
522 2489 587 2558 post
607 2477 778 2538 Gatakerum
798 2481 885 2551 eruit,
909 2480 956 2538 uhi
974 2479 1046 2552 haee
1065 2491 1145 2538 sunt:

275 2563 346 2644 ὑπέρ
364 2587 394 2643 γε
411 2567 505 2642 μέντοι
522 2559 628 2650 παντὸς
642 2559 785 2646 Ἑλλήνων
802 2563 927 2646 στρατοῦ
1141 2559 1143 2564 ’

276 2645 390 2730 αισχρὸν
411 2649 529 2711 σιωπᾶν.
758 2653 759 2660 ’
948 2725 951 2732 Δ

74 2731 148 2795 l‘lura
166 2735 204 2794 ihi
225 2756 280 2793 nou
300 2735 446 2812 leguntur,
471 2745 501 2792 ut
519 2735 612 2794 altera
631 2737 800 2815 posterioris
818 2757 917 2796 versus
935 2757 1017 2816 pars:

276 2855 318 2862 —
334 2813 495 2902 βαρβάρους
512 2817 539 2881 δ’
561 2819 610 2881 ἐᾶν
627 2823 715 2901 λέγειν

73 2901 153 2965 adhuc
173 2905 285 2985 quidem
305 2906 333 2964 iu
353 2905 428 2963 nullo
447 2907 588 2985 scriptore
609 2905 720 2965 Graeco
739 2917 891 2986 appareat,
915 2903 966 2964 sed
990 2907 1087 2965 efficta
1110 2907 1148 2964 sit

4 2997 6 3002 '
73 2987 102 3046 ab
124 2993 216 3072 aliqpo
241 3012 277 3049 ex
301 2991 365 3048 luco
386 2989 577 3049 Ciceroniana
601 2990 637 3050 de
661 2991 792 3050 Oratore.
836 2992 874 3048 Et
896 3011 932 3049 ue
955 2992 1010 3050 hoe
1034 2989 1146 3069 quidenr

74 3072 129 3133 laco
156 3077 300 3136 Plutarchi
332 3075 360 3132 hi
387 3095 486 3134 sersus
514 3075 621 3134 diserte
647 3075 778 3154 Euripidi
809 3077 979 3134 tribuuntur.
1025 3075 1146 3134 Gesneri

74 3156 202 3222 duhilatio
223 3173 299 3232 crat,
324 3182 358 3218 an
378 3161 450 3218 alius
474 3163 693 3239 poetae„vclut
710 3161 863 3240 Aeschyli,
889 3171 976 3227 esset.
1019 3161 1147 3230 Valcke-

74 3249 177 3306 uaerius
205 3248 388 3305 occasionem
416 3244 616 3324 pronuntiandi
642 3246 723 3304 huius
754 3247 782 3304 in
814 3245 964 3322 tragoedia
990 3243 1147 3324 Euripides

73 3345 162 3390 tersus
186 3331 362 3390 demonstrat
383 3331 411 3388 in
435 3330 548 3390 diatrib.
572 3333 600 3388 in
623 3329 752 3410 Euripid.
776 3333 905 3410 fragrant.
929 3352 956 3410 p.
981 3333 1066 3402 116„
1095 3329 1150 3390 sed

74 3427 213 3488 protracto
238 3437 274 3475 ex
297 3417 415 3474 latebris
437 3417 529 3474 altero
552 3417 602 3474 illo
625 3434 723 3488 versu,
752 3437 833 3495 quera
861 3418 922 3495 ipse
950 3437 1005 3474 non
1033 3415 1147 3474 videtur

74 3501 312 3572 animadvertisse,
341 3513 396 3560 tana
424 3501 499 3562 hene
527 3521 589 3560 euna
618 3523 672 3560 non
695 3501 856 3582 procedere
880 3495 1042 3562 observavit
1063 3501 1147 3580 Spal-

74 3580 187 3663 dingius,
230 3587 335 3665 Neque
362 3587 588 3646 Valckenaerius
616 3587 651 3648 de
678 3599 796 3652 auctore
824 3586 945 3658 dubitat,
978 3599 1146 3664 argumento
1197 3609 1204 3630 .

75 3675 158 3730 tarmen
183 3665 265 3730 certo
289 3693 346 3746 non
369 3673 492 3750 prolato.
538 3673 696 3732 Gatakerus
716 3672 883 3752 Spaldidgio
906 3671 1019 3731 videtur
1041 3674 1147 3750 primus

63 3748 228 3836 ¹Euripidem
252 3759 418 3834 agnovisse,
447 3778 502 3836 quo
524 3759 570 3816 vel
594 3758 712 3818 auctore
735 3759 781 3818 uel
804 3767 972 3835 argumento
1000 3777 1055 3816 non
1079 3775 1147 3834 pro-

75 3833 147 3898 dens.
190 3843 221 3900 ln
246 3841 347 3900 eadem
369 3845 503 3924 opinione
527 3841 562 3902 de
586 3854 705 3901 auctore
729 3844 880 3920 fragmenti
903 3853 967 3900 crat
990 3841 1145 3912 Bentleius,

75 3932 101 3980 ut
117 3924 247 3994 discimus
266 3948 302 3986 ex
322 3927 382 3986 eius
406 3930 487 4004 epist.
507 3931 558 3986 28.
582 3927 617 3986 ad
640 3927 663 3986 l.
683 3927 716 3985 G.
737 3927 886 4008 Graevius]
909 3949 937 4006 p.
955 3929 1007 3987 95.
1033 3933 1076 4006 (p.
1095 3927 1145 3986 ⁷9.

5 4057 6 4060 ,
76 4007 115 4066 ed.
134 4010 355 4082 Friedem.),‚et
377 4031 492 4070 uersum
511 4011 731 4089 supplebat‚.ut
752 4013 854 4090 vulgo:
899 4012 973 4083 „llle
997 4010 1145 4091 siquidem,

5 4105 6 4112 ¹
75 4093 122 4162 ait,
142 4098 179 4168 (is
197 4109 241 4156 est
260 4097 435 4156 Philoctetes
454 4095 613 4175 Euripidis)
635 4095 761 4156 dixerat:

197 4207 203 4222 ·
276 4178 391 4262 αἰσχρὸν
408 4180 531 4253 σιωπᾶν,
548 4175 708 4263 βαρβάρους
725 4179 751 4244 δ’
773 4180 820 4245 ἐᾶν
838 4185 933 4262 λέγειν.

17 4285 20 4292 »
78 4256 124 4320 llic
141 4277 246 4339 autem,
265 4287 367 4346 nempe
385 4267 572 4338 Aristoteles,
591 4288 702 4334 versum
720 4262 902 4350 nappdp'oac,

277 4348 392 4435 ανσχρὸν
409 4352 537 4427 oreada,
551 4347 715 4436 Ἰσοκράτην
732 4351 759 4416 δ’
781 4353 828 4414 ἐᾶν
845 4355 960 4432 λέγειν.“
