2764 4978
302 413 396 518 'uo
433 421 646 539 rrohcuu
674 457 882 518 errrorem.
927 429 929 438 ’
1110 441 1154 518 ro

84 635 131 704 sed
154 633 374 708 (laetissimum
402 641 434 705 et
460 634 734 730 perfectissimum
762 628 971 729 quaerimus)
999 633 1154 728 quoniam

19 769 20 780 ¹
84 737 137 828 lori
153 736 234 806 certi
252 736 441 828 tradentem,
464 746 636 832 percurret
653 736 774 825 oruuie,
798 745 908 808 utetur
924 736 1029 831 aptis,
1051 757 1156 829 geue-

19 877 23 930 T·
83 839 165 908 nrtim
183 838 286 910 dicet:
309 863 351 910 ex
369 863 433 934 quo
451 847 606 912 cremarent
624 839 738 928 etiaru,
757 837 813 932 qui
831 863 1019 912 corrrmunee
1037 835 1155 935 appele·

83 939 179 1012 lentur
195 941 275 1012 leci.
325 939 401 1012 Nee
416 965 494 1012 uero
511 949 622 1012 utetur
638 939 862 1035 imprudenter
878 939 941 1010 hae
959 941 1070 1036 eopia,
1096 939 1155 1012 sed

18 1049 20 1150 j
84 1043 178 1116 erooia
204 1043 369 1138 expendet
394 1051 428 1114 et
453 1043 583 1138 seliget.
643 1041 722 1113 Non
747 1041 834 1119 caim
858 1035 1003 1138 semper,
1031 1067 1092 1114 uee
1118 1043 1154 1114 iu

18 1153 20 1250 q
84 1145 218 1224 omnibus
240 1146 351 1218 causis
374 1169 416 1218 ex
437 1145 552 1218 iisderu
574 1144 974 1239 eadem-argumentorum
990 1151 1155 1216 rnooreota

18 1257 20 1346 q
84 1253 157 1318 suut.
206 1247 492 1342 Iudicium'igitur
509 1245 691 1338 adhibebit,
710 1269 772 1318 uec
789 1245 934 1318 inveniet
950 1246 1056 1318 solum
1074 1246 1204 1342 quidm

18 1349 20 1428 t
84 1349 172 1440 dicat,
191 1350 368 1434 sedetiam
387 1349 561 1446 expendet.
580 1419 584 1426 ,
613 1347 707 1420 Nihil
725 1349 775 1420 est
793 1348 879 1430 enim
896 1347 1040 1419 feracius
1058 1347 1155 1443 iuge·-

18 1439 20 1522 ἓ
84 1451 151 1540 uiis,
176 1453 216 1522 iis
237 1453 451 1548 praesertim,
479 1475 563 1547 quae
585 1447 768 1548 disciplinis
790 1449 925 1546 eucnlta
941 1460 1030 1522 srrut.
1083 1448 1154 1524 Sed

18 1549 20 1632 f
83 1561 113 1622 ut
134 1562 259 1650 segetes
278 1554 446 1628 ‚secundae
477 1562 510 1626 et
534 1535 653 1626 uberes
680 1578 746 1626 uon
772 1551 877 1624 solum
904 1551 1015 1648 fruges
1042 1577 1154 1624 uerum

83 1653 188 1728 herbas
211 1657 311 1729 etiam
333 1655 506 1727 ell'rroduut
526 1655 768 1744 inimicissimas
788 1654 955 1751 frugibus,
981 1655 1031 1727 eie
1049 1655 1155 1726 iuter-

18 1745 20 1812 ἷ
84 1756 147 1827 elom
171 1783 213 1830 eu
239 1757 310 1828 illis
334 1757 418 1829 locis
440 1758 603 1829 autlevia
624 1758 799 1853 quaedem,
826 1766 883 1828 aut
904 1758 1014 1830 causis
1031 1757 1153 1846 aliena,

18 1895 20 1922 =
84 1867 130 1930 erut
148 1859 213 1932 hoo
234 1855 547 1956 utilia‘giguuntum
574 1885 709 1956 quorum
733 1860 774 1930 ab
797 1858 937 1932 oratoris
955 1860 1076 1940 iudicio
1095 1859 1155 1931 de·-
1302 1943 1304 1950 Ι

18 1961 20 2078 q
83 1959 174 2058 lecture
200 1987 341 2057 maguus
367 1961 585 2034 adhibebitur.
645 1961 783 2057 Alioqui
809 1985 950 2058 quonam
976 1961 1071 2034 ruodo
1096 1963 1205 2034 illem

84 2061 112 2133 io
129 2065 222 2136 bonis
239 2063 391 2138 haerebit
408 2073 442 2136 et
458 2064 619 2136 habitabit
639 2061 730 2136 suis?
756 2073 813 2136 ant
829 2064 956 2136 molliet
973 2064 1070 2156 dure,
1098 2073 1155 2136 eruut
1237 2121 1240 2127 .

85 2167 252 2238 occultabit
279 2191 363 2262 quae
389 2166 470 2237 dilui
496 2191 563 2238 non
588 2174 743 2262 poterunt
768 2173 866 2262 atque
889 2167 1022 2246 orrruino
1040 2167 1156 2262 oqqui-

85 2275 152 2359 uret,
169 2269 198 2340 si
214 2269 344 2360 licebit,
361 2277 418 2340 aut
434 2269 576 2340 abducet
593 2269 732 2359 aoioms,
751 2278 807 2340 aut
824 2269 914 2345 ruliud
927 2271 1058 2360 afferet,
1068 2268 1156 2366 qued

86 2371 259 2466 oqqmsitum
275 2371 483 2468 probabilius
500 2371 543 2442 sit
560 2393 658 2465 quam
675 2370 758 2442 illud
774 2370 860 2466 quod
879 2369 1043 2442 obstabit?

173 2471 263 2545 XV.
314 2472 387 2544 Iam
412 2497 489 2544 uero
516 2497 570 2562 ea,
598 2497 682 2568 quae
699 2473 874 2565 inuenerit,
902 2497 968 2568 qua
985 2473 1206 2568 dirigentiam

18 2519 20 2624 i
86 2573 273 2648 collocabit?
301 2575 453 2671 quoniam
474 2575 508 2645 id
526 2567 706 2646 secrrnrhuu
723 2584 794 2646 erat
812 2575 851 2646 de
869 2577 987 2648 tribus.
1038 2575 1157 2648 Vesti-

18 2661 31 2710 ⁵·
86 2675 153 2748 bula
168 2678 322 2750 nimirum
341 2675 479 2750 honesta
496 2677 667 2773 aditusque
686 2677 728 2748 acl
745 2701 879 2749 causam
892 2678 1155 2752 leeiet'illustris:

18 2771 19 2810 ³
87 2801 213 2876 cunque
230 2781 357 2852 animos
375 2781 480 2876 prima
497 2780 710 2874 aggressione
728 2781 952 2876 occupaverit,
977 2781 1158 2879 inhuoahit

87 2881 293 2979 excludetque
311 2882 493 2971 contremet
512 2883 552 2957 de
569 2881 764 2954 firmissimis
782 2882 849 2952 alia
866 2882 1157 2979 quiroaqmnctalia

86 2991 252 3076 postrema,
270 2980 513 3079 inculcabitque
530 2984 664 3055 leuiora.
716 2985 829 3078 Atque
846 2984 881 3056 iu
898 2985 1012 3079 primis
1031 2984 1157 3054 duabus

88 3083 206 3159 dicendi
231 3086 381 3182 partibus
407 3086 514 3180 qualis
536 3093 639 3176 esset,
665 3081 850 3156 suromatim
870 3085 1076 3182 breviterque
1098 3086 1158 3156 ‹lc-

88 3187 281 3284 scripsimus.
333 3185 415 3274 Sed,
433 3195 471 3258 ut
487 3195 564 3280 ante
582 3186 704 3258 dictuuu
722 3195 783 3276 est,
801 3186 837 3258 in
853 3186 904 3258 bis
921 3187 1071 3283 partibus
1089 3189 1158 3281 (ct-

18 3299 20 3304 '
89 3286 112 3356 si
126 3315 241 3384 graves
259 3297 357 3385 atque
372 3313 515 3385 arragone
532 3284 626 3378 sunt)
645 3289 753 3386 rrrious
771 3291 901 3364 etartis
919 3286 1157 3365 est'ctlaboris.

176 3391 305 3464 ΧΠ·
337 3391 422 3464 (lum
439 3399 559 3483 autern,
578 3398 611 3463 et
628 3391 706 3488 quid
723 3400 756 3462 et
773 3415 836 3488 quo
854 3391 929 3463 leco
947 3392 1046 3485 dieat,
1064 3394 1204 3464 iture-51

89 3494 181 3587 nent,
213 3494 296 3566 illud
322 3504 372 3566 est
397 3495 496 3589 longe
522 3494 719 3586 ruaximum,
745 3494 855 3566 uidere
883 3519 1024 3590 quonam
1050 3496 1157 3570 ruodo.

90 3589 209 3684 Scitum
234 3605 286 3668 cst
306 3597 408 3688 enim,
436 3596 525 3692 quod·
544 3595 733 3670 Carneades
754 3604 867 3672 noster
888 3597 998 3668 dieere
1019 3598 1158 3687 solebat,

18 3695 19 3700 ’
91 3692 320 3772 Clitomachum
350 3699 463 3770 eadem
493 3698 622 3789 dicere,
658 3696 876 3772 Charmadam
906 3706 1014 3770 antem
1045 3699 1157 3769 eodmu
1209 3716 1213 3729 '
1252 3769 1255 3777 ,
1363 3765 1364 3778 ,

90 3799 178 3874 etiam
203 3801 299 3874 medo
326 3800 446 3873 dicere.
500 3800 598 3891 Quod
624 3799 708 3872 siin
729 3800 936 3896 philosophia
957 3809 1082 3873 tentum
1104 3803 1160 3872 iu-

91 3903 196 3994 terest,
215 3901 484 3999 quenadmodum
502 3902 755 3993 dicas,nbi1es
773 3909 956 3997 spectatur,
974 3927 1041 3975 non
1058 3905 1159 3975 rerba

92 4003 281 4092 penduntur:
309 4004 386 4100 qnid
402 4004 532 4076 tandem
549 4005 585 4076 in
602 4003 711 4074 causis
729 4004 981 4076 existimandum
999 4013 1064 4102 est,
1079 4006 1159 4100 'qui-

92 4099 144 4174 bus
167 4107 245 4180 totis
271 4106 459 4190 moderatur
483 4103 610 4178 oratio?
663 4105 761 4197 Quod
787 4106 916 4201 quidem
937 4131 1013 4203 ego,
1040 4107 1156 4197 Brute,
1167 4126 1209 4184 aa
1319 4116 1322 4125 '

93 4224 129 4272 tx
147 4209 210 4280 tuis
230 4208 336 4280 literis
357 4207 554 4298 sentiebam,
572 4233 647 4288 ,non
669 4215 701 4280 te
718 4207 753 4278 id
770 4209 933 4280 sciscitari
950 4208 1079 4304 qualem
1097 4233 1158 4301 ego

92 4300 122 4376 io
135 4307 326 4402 inveniendo
344 4317 381 4386 et.
393 4309 430 4382 in
446 4307 640 4382 collocando
657 4334 817 4382 summum
835 4310 1159 4382 esseoretoremvel-
