2684 4990
119 435 125 448 ’
207 465 272 528 teo
370 461 632 520 eommuuaaau
656 461 694 516 iu
714 463 906 517 c1cau0uts
926 463 1137 521 caurorum.

213 678 217 686 ·
239 637 240 644 ’
292 641 377 723 modo
399 641 440 697 sit
461 639 591 716 elegans.
617 637 677 696 Hoc
697 648 754 709 est,
776 647 888 706 ,cautus
909 639 938 697 in
956 637 1053 698 verbis
1071 638 1212 718 legendis,
1237 661 1277 719 ge-

206 725 293 783 wahtt
311 726 348 784 im
366 721 528 782 Ausdruck.
997 717 1001 726 '

206 835 211 844 ·
293 820 323 868 et
335 826 447 888 pareus
465 810 633 886 iu‘priseis,
652 809 842 888 reliquisque.
865 807 1002 888 Meyerus
1020 809 1087 869 buic
1106 809 1179 869 Rivii
1197 831 1278 870 emen-

207 895 316 954 dationi
335 913 372 954 ex
389 894 543 953 ueterrima
562 892 689 952 editione
710 893 823 972 (Rom.)
844 892 957 966 ductae,
981 894 1115 956 acodice
1124 895 1277 956 Memmiana

207 979 280 1060 apud
300 979 449 1038 Gruterum
469 979 654 1043 confirmatae
673 979 787 1038 atinde
805 999 822 1038 a
842 979 965 1038 Grutero
983 992 1121 1060 receptae
1133 993 1278 1042 ceterorum

207 1065 351 1137 codicum,
375 1066 459 1123 etiam
477 1063 572 1135 Eius„
592 1075 622 1122 et
640 1062 795 1124 editionum
813 1075 942 1124 veterum
961 1065 1106 1125 substituit
1123 1067 1276 1126 lectionem:

206 1161 236 1210 et
252 1171 377 1230 parcus,
406 1160 436 1208 et
453 1145 486 1208 iri
496 1151 607 1228 priscis
623 1152 820 1228 reliquisque5
849 1149 900 1214 sed
919 1169 982 1210 cum
1001 1150 1196 1212 Bttlerbaekio
1213 1154 1277 1232 equi·
1321 1161 1326 1170 '

206 1235 270 1296 dem
296 1237 460 1314 intelligere
488 1253 614 1315 nequeo,
643 1235 785 1316 quamodo
812 1235 913 1314 aliquis
940 1237 1031 1315 possit
1053 1257 1119 1296 esse
1142 1241 1172 1298 iu
1185 1240 1278 1317 prt'scis

130 1363 131 1368 κ
205 1323 372 1382 demussior.
387 1320 439 1379 Oa.
700 1378 702 1384 ,

133 1412 135 1419 ’
204 1437 206 1442 ·
291 1408 454 1466 demissior.
478 1404 599 1469 atriden
618 1405 740 1484 iibrigen
760 1399 993 1465 Schmuck'wird
1012 1427 1045 1466 er
1058 1407 1277 1488 wenigerbeite-

199 1493 270 1552 ben.
288 1491 420 1551 Demisso
440 1485 585 1549 contdarie
604 1491 722 1569 ponitur
739 1511 817 1563 acer,
836 1493 977 1571 pertinax,
998 1493 1149 1570 litigiosus,
1162 1494 1276 1563 acerbus,

204 1579 312 1637 u.¹Cic.
332 1576 368 1636 de
388 1587 459 1635 orat.
479 1579 508 1647 2,
527 1577 577 1648 43,
598 1575 967 1636 tarabannensibus.
988 1578 1082 1636 Serm.
1102 1582 1131 1650 1,
1150 1581 1180 1651 3,
1198 1580 1244 1645 56.

289 1663 428 1722 urbanos.
457 1661 508 1720 ilis
535 1663 680 1720 contrarie
703 1663 784 1741 ponit
806 1666 941 1722 rusticos.
975 1663 1041 1721 illos
1063 1665 1194 1743 intellige
1215 1665 1276 1722 viros

204 1768 337 1808 sermone
361 1747 507 1806 cultiores.
555 1747 587 1805 Si
609 1757 716 1806 tantum
735 1747 813 1806 urbis
832 1749 910 1807 cives
929 1759 959 1806 et
976 1749 1036 1806 ruri
1055 1749 1215 1808 habitantes
1232 1747 1277 1806 dis·

204 1854 327 1893 cernere
345 1834 496 1902 voluisset,
520 1832 638 1890 urbicos
656 1833 843 1910 appellasset,
869 1833 1007 1911 quiahoc
1026 1834 1075 1892 illo
1094 1854 1180 1894 sensu
1198 1835 1277 1894 solen·

203 1921 266 1978 nius
285 1930 329 1978 est
348 1917 455 1988 dicere,
476 1937 631 1998 quanquam
651 1919 736 1975 etiarn
754 1919 884 2003 nerhenes
902 1939 1099 1997 nonnunquam
1118 1921 1146 1978 in
1162 1919 1277 1978 urbeba·

203 2003 327 2062 bitantes
354 2001 512 2082 appellant,
540 2013 571 2060 ut
598 2001 697 2060 Horat.
720 1995 757 2062 Α.
780 2001 811 2060 Ρ.
835 2005 922 2075 213.,
950 2003 1025 2081 quod
1049 2003 1230 2084 Spaldingius
1249 2002 1276 2060 de

204 2100 278 2148 orat.
306 2089 484 2148 Marcellian.
511 2108 539 2167 p.
567 2088 618 2146 25.
642 2087 814 2146 observavit.
839 2087 922 2147 Couf.
945 2087 1083 2148 Doederl.
1108 2090 1158 2148 lat.
1183 2089 1275 2170 Syron.

203 2173 270 2234 Vol.
290 2180 327 2233 4.
340 2196 368 2254 p.
387 2175 458 2233 402.

285 2259 445 2339 gemmare.
468 2258 500 2317 ln
523 2257 646 2318 arbustis
670 2269 699 2318 et
722 2259 864 2317 fruticetis
889 2257 993 2330 dicitur
1014 2257 1119 2339 Augen
1138 2271 1274 2330 ansetzen;

202 2349 231 2406 in
253 2345 371 2405 iloribus
394 2345 540 2426 Knospen.
564 2343 702 2403 Doederl.
726 2345 774 2402 lat.
794 2343 905 2424 Synon.
924 2344 991 2403 Vol.
1012 2347 1040 2406 5.
1059 2367 1086 2426 p.
1106 2347 1180 2405 102.
1199 2366 1237 2404 ur.
1253 2344 1274 2402 i.

203 2442 277 2492 extr.
297 2431 435 2490 discernit
450 2450 592 2510 gemmam
613 2429 745 2504 (Keim),
769 2428 882 2488 ductam
900 2451 917 2488 a
932 2430 1085 2508 genuisse,
1105 2433 1135 2490 et
1150 2448 1275 2509 gemmam

204 2515 392 2593 <Edelstein),
412 2537 429 2574 a
447 2513 542 2595 partia.
563 2511 645 2588 Quod
662 2515 686 2573 si
704 2516 744 2573 ita
763 2525 820 2586 est,
840 2515 916 2573 nulla
933 2535 1049 2594 prorsus
1067 2517 1095 2574 in
1115 2536 1224 2594 gemma
1239 2534 1275 2572 ru·

202 2604 339 2662 sticarum
362 2601 519 2660 translatio.
544 2599 679 2659 Ceterum
702 2601 778 2658 conl.
799 2601 914 2684 Quintil.
934 2603 968 2672 8,
995 2601 1028 2673 6,
1056 2602 1086 2660 6.
1114 2601 1275 2660 Demetrium

95 2700 99 2719 “
202 2686 239 2748 de
258 2687 371 2746 Elocut.
391 2686 418 2763 §.
437 2686 487 2770 87.
507 2687 557 2745 88.
917 2693 919 2698 ’
1018 2748 1019 2752 ,
1106 2742 1116 2751 ,

287 2775 372 2832 sitire
399 2791 499 2849 egros.
526 2769 582 2829 Ed.
608 2769 684 2830 Ven.
713 2771 849 2830 lasciuire
874 2792 954 2850 ugo,
982 2771 1096 2844 melius,
1125 2784 1156 2831 ut
1179 2773 1274 2852 opinor,

202 2877 285 2939 quam
303 2855 461 2936 vulgatum3
483 2877 545 2916 natu
563 2857 649 2915 sitire
668 2867 713 2914 est
730 2857 883 2936 poeticum,
904 2858 1026 2916 lasciuia
1046 2855 1081 2916 de
1101 2859 1188 2934 agris,
1198 2874 1275 2936 peeo-

201 2943 279 3004 ribus
307 2945 392 3002 etiam
414 2943 499 3021 vulgo
523 2940 682 3000 dicebatur.
705 2941 776 2999 Ena.
803 2944 896 3002 Siture
917 2941 996 3000 Eius.
1019 2941 1079 3002 Vit.
1102 2941 1180 3000 Mon.
1202 2937 1274 3000 Aldd.
1322 2942 1324 2959 '

202 3029 275 3090 lunt.
303 3029 382 3090 Crat.
409 3028 509 3087 Lamb.
535 3027 611 3086 Man.
635 3025 746 3086 Nouius
768 3031 841 3086 voce
865 3029 994 3087 luauria.
1022 3027 1135 3100 „Recte
1159 3026 1275 3086 Schelle

201 3115 334 3195 repudiat
360 3115 510 3185 luscuiure,
539 3114 682 3196 glossema
708 3113 915 3192 proximorum.¹
940 3111 1023 3172 Coul.
1048 3113 1164 3194 Quintil.
1188 3113 1222 3186 (l.
1239 3112 1272 3176 e.)

202 3201 351 3259 Columell.
370 3201 403 3271 3,
433 3201 486 3270 11,
508 3199 539 3258 9.
557 3199 649 3257 solum
666 3199 878 3259 siticulosum.“
896 3197 958 3256 Bur.
982 3199 1132 3256 bmczuire
1150 3196 1275 3277 praebeat

201 3282 253 3343 Dr.
273 3285 325 3344 Gu.
345 3287 375 3344 1.
394 3285 442 3342 alii
461 3282 535 3362 apud
552 3283 722 3362 Leciercqu.
741 3283 816 3341 Ven.
836 3285 865 3341 1.
883 3281 961 3341 Med.
979 3283 1040 3342 Tul.
1061 3281 1130 3340 Seii.
1149 3281 1273 3344 aunt.

149 3411 150 3415 ,
201 3368 287 3448 idque
310 3369 474 3430 auctoribus
496 3368 631 3426 Ernestio
655 3379 684 3426 et
704 3367 883 3426 Schneidero
904 3369 987 3426 etiam
1008 3367 1124 3428 Sebutz‘.
1143 3365 1272 3448 praetulit

203 3455 285 3513 Cani.
306 3453 366 3514 Cic.
387 3451 422 3512 de
442 3453 521 3511 Orat.
541 3455 569 3523 3,
580 3455 639 3524 138,
652 3454 723 3534 156.
732 3455 984 3530 gemmurcuitem,
997 3455 1152 3512 luuuriure
1162 3467 1273 3514 messem

202 3541 298 3600 luctus
314 3548 430 3618 segetes
448 3541 535 3596 etiam
553 3539 661 3596 rustici
676 3539 785 3596 dicuat.
807 3538 855 3596 Sic
875 3539 949 3596 enim
969 3537 1001 3596 C.
1020 3537 1142 3597 Beierus
1156 3540 1183 3598 iu
1194 3531 1272 3616 praei.

201 3624 238 3683 ad
261 3625 322 3684 Cic.
346 3635 431 3683 oratt.
454 3625 584 3700 lragmm.
606 3643 633 3700 p.
657 3621 721 3680 XV.
744 3643 785 3701 sq.
810 3642 873 3680 eum
897 3624 988 3682 locum
1008 3621 1080 3702 legit
1098 3643 1135 3683 ex
1153 3620 1273 3700 antiquis·

202 3711 278 3784 simi,
297 3717 327 3770 ut
345 3711 397 3782 ait,
416 3711 542 3768 auctoris
562 3709 713 3778 citatione,
731 3727 784 3786 pro
803 3709 935 3785 vulgata:
958 3727 1107 3786 gemmare
1125 3711 1220 3778 uitem,
1238 3705 1272 3762 l·

199 3791 318 3854 aurium
337 3817 398 3854 esse
417 3799 447 3854 ia
466 3794 577 3868 lucrbt‘s,
598 3795 693 3854 luctus
711 3803 767 3851 etc.
790 3792 869 3872 Ergo
889 3813 924 3853 eo
943 3793 1008 3872 loco
1029 3795 1162 3854 omissum
1181 3801 1222 3852 est
1237 3789 1272 3847 l-

199 3883 306 3940 sciuire
325 3901 415 3958 agros
433 3891 463 3938 et
480 3881 535 3940 tria
553 3889 659 3938 tantum
677 3889 829 3960 ponuntur.
1075 3947 1077 3955 Ι

286 3967 312 4044 §.
331 3967 382 4024 82.
401 3967 488 4024 Niluil
507 3967 608 4024 luorum
625 3972 733 4044 purum
756 3965 908 4026 audacter.
936 3967 1047 4023 Horum
1069 3975 1166 4043 potest
1182 3956 1271 4020 referri

201 4051 238 4111 ad
256 4051 399 4130 exempla,
428 4069 499 4129 quae
517 4049 708 4128 praecedunt,
732 4047 784 4109 sed
802 4050 867 4127 quia
885 4051 1034 4128 sequentia
1052 4070 1108 4108 non
1128 4051 1220 4110 lerunt
1235 4061 1271 4102 sa·
1320 4060 1327 4179 p

200 4140 250 4209 tis,
273 4137 373 4196 melius
392 4145 437 4194 est
454 4134 490 4193 ad
507 4145 596 4193 totum
615 4153 706 4212 genus
724 4135 847 4193 referre.
894 4132 1041 4214 Quidquid
1053 4155 1091 4194 ex
1109 4135 1158 4192 illo
1177 4143 1269 4211 genere
1320 4182 1327 4215 Ι

200 4222 317 4294 dicitur,
345 4220 432 4280 habet
454 4221 619 4299 plerumque
641 4220 756 4278 multum
776 4217 917 4278 audaciae
940 4221 969 4278 in
986 4217 1204 4289 transferendo;
1230 4205 1269 4272 sed
1326 4213 1327 4216 ’

200 4320 294 4366 tamen
313 4309 413 4378 lectur,
438 4306 502 4384 quia
520 4315 569 4364 aut
587 4306 686 4364 nititur
702 4305 854 4382 perspicua
872 4303 1066 4377 similitudine,
1085 4315 1135 4366 aut
1152 4303 1214 4386 quia
1230 4313 1269 4356 ut·
