2764 4978
345 465 405 526 ou
429 445 643 548 'uoaouu
679 465 884 526 aauruu.
1106 465 1153 528 ua

91 649 226 715 uatuara
245 665 369 737 gerara
388 641 561 714 uerborum
582 649 615 714 et
635 641 832 738 siruplieiuor
854 649 888 714 et
909 642 1152 738 copulatorum:

90 743 192 816 deiude
217 751 296 840 quot
320 743 424 816 ruodis
450 743 590 840 quidque
616 743 759 818 dieature
790 767 854 838 qua
883 745 1012 816 ratione
1040 769 1153 820 ueruto

89 845 236 918 falsumne
254 847 297 918 sit
313 845 490 918 iudicatur:
511 845 590 941 quid
606 845 769 918 officiatur
786 869 804 916 o
822 871 963 942 quoque,
985 845 1063 944 quid
1080 848 1154 918 cui-
1214 893 1217 906 ·

90 972 141 1041 qua
157 971 360 1044 consequeus
377 949 436 1039 sit,
454 948 593 1044 quidque
611 948 828 1021 eontrarium:
847 972 983 1044 ausuque
1001 949 1153 1046 ambigue

88 1050 178 1120 urulta
195 1050 360 1143 dieantur,
383 1049 542 1146 quourodo
559 1049 698 1145 quidque
715 1074 827 1122 eorum
845 1049 943 1122 dividi
959 1052 1155 1148 explanari·
1188 1122 1190 1128 ,

24 1227 25 1234 1
88 1175 140 1244 que
163 1160 323 1248 oporteat.
372 1152 469 1234 llaee
495 1151 636 1227 teaeuda
660 1159 737 1224 suut
762 1152 901 1244 oratori,
929 1150 1044 1248 (saepe
1066 1155 1155 1228 euim

88 1251 268 1344 orourruut)
287 1254 346 1326 sed
359 1254 445 1352 quod
461 1277 522 1329 sua
538 1261 654 1350 sponte
672 1253 871 1350 squalidiora
886 1261 976 1344 suut,
993 1255 1156 1330 adbiber-

89 1352 138 1430 dus
154 1356 216 1426 erit
231 1357 268 1428 iu
285 1356 336 1427 bis
353 1355 559 1453 explicandis
577 1353 708 1452 quidam
726 1356 884 1429 orationis
901 1356 1000 1430 uitur.
1117 1390 1120 1398 ¹

149 1457 365 1542 ‚XXXIIL
416 1455 465 1532 Et
490 1459 643 1554 quouiaru
667 1458 704 1530 iu
728 1458 896 1550 orumbua·
919 1482 1002 1554 quaa
1023 1459 1222 1534 rationario
1285 1533 1288 1546 ,

89 1556 233 1632 dooeutur
250 1569 284 1634 et
299 1562 368 1653 via,
389 1561 530 1660 priruuuu
547 1561 809 1634 constituendum
827 1568 896 1652 est,
915 1558 1154 1657 quidquidque

88 1659 124 1730 sit
141 1661 221 1754 (uisi
242 1665 330 1738 euiru
350 1665 436 1738 iuter
457 1687 514 1736 eos
536 1662 591 1758 qui
613 1659 797 1759 disceptant
817 1664 985 1754 oouueuit,
1011 1664 1089 1761 quid
1110 1665 1155 1736 sit

88 1759 219 1838 illudue
239 1791 303 1862 quo
324 1765 517 1860 ambigitur,
537 1787 600 1856 ueo
621 1772 711 1838 reete
733 1765 851 1838 disseri
872 1789 934 1838 neo
951 1791 1094 1861 uuquam
1110 1767 1154 1840 ad

88 1863 199 1938 exitum
214 1868 380 1965 perveniri
395 1864 537 1963 potest):
555 1867 752 1963 explicanda
765 1875 816 1940 est
827 1891 927 1964 saepe
939 1869 1047 1942 verbis
1061 1895 1153 1944 rrreus

88 1973 188 2041 raba
204 1970 249 2048 da
260 1994 388 2066 quaque
405 1994 457 2064 re,
480 1977 577 2066 atque
596 1970 744 2045 involuta
763 1971 813 2044 rei
834 1971 951 2044 notitia
968 1970 1152 2048 defiuioudo

24 2113 26 2162 t
88 2069 253 2161 aperienda
279 2080 354 2164 est,·
371 2071 531 2167 siquidem
552 2071 697 2163 delinitio
724 2079 775 2144 est
800 2073 921 2163 oratio,
948 2097 1048 2168 quoe,
1075 2074 1159 2170 quid·

88 2167 177 2263 sitio,
193 2173 233 2246 de
251 2201 315 2272 quo
328 2175 453 2270 agdus,
471 2173 613 2248 ostendit
629 2197 725 2270 quara
742 2174 944 2249 brevissime.
995 2173 1098 2267 Turu,
1117 2185 1153 2248 ut

89 2270 158 2363 sois,
183 2279 358 2373 explicato
374 2301 495 2373 gauere
521 2276 679 2372 cuiusque
701 2275 947 2350 raisidauduru
971 2284 1038 2368 ost,
1069 2285 1152 2373 quae

24 2447 25 2456 χ
89 2370 145 2444 siut
159 2377 227 2450 eius
244 2375 377 2476 gereris
394 2377 462 2452 siue
479 2377 604 2448 lorruae
620 2378 688 2450 siue
704 2385 827 2474 partes,
846 2386 883 2450 ut
898 2379 1007 2463 ineas
1024 2380 1152 2453 tribua·
1229 2395 1234 2404 “

88 2477 133 2544 tur
147 2481 249 2555 outuis
268 2481 385 2554 oratio.
435 2477 514 2552 Erit
533 2479 635 2575 igitur
653 2480 736 2552 baa'o
756 2481 897 2556 facultas
917 2482 953 2554 iu
974 2505 1030 2573 eo,
1052 2503 1220 2578 queram

24 2651 25 2666 χ
89 2576 221 2656 uolumus
242 2583 558 2678 esseeloquautem,
585 2589 621 2656 ut
646 2581 782 2684 delinire
806 2608 876 2658 reru
901 2584 1021 2680 possit,
1047 2580 1152 2680 neque

24 2699 25 2708 ¹
89 2672 116 2744 id
130 2678 225 2756 laeiat
236 2693 311 2758 'tam
326 2709 444 2780 presse.
458 2691 491 2756 et
507 2691 644 2780 anguste
661 2709 757 2780 quaro
778 2685 814 2758 iu
833 2687 901 2758 illis
922 2687 1150 2761 eruditissimis

90 2773 349 2875 disputationibus
365 2786 439 2859 lieri
455 2786 554 2876 solet,
572 2785 632 2862 sed
645 2811 723 2860 ‚auru
740 2789 948 2884 explanatius
966 2796 1035 2860 turu
1048 2790 1152 2865 ‘etiaru

89 2877 206 2992 uberta
219 2897 254 2962 et
271 2889 313 2962 ad
330 2913 500 2962 eororuuue
517 2888 673 2976 iudieiuru
688 2891 941 2986 popularemque
958 2891 1151 2985 iutelliger-

88 2985 155 3055 traru
171 2990 458 3067 aoooruruodatius
492 2988 649 3086 Idemque
667 2991 780 3082 etiam,
798 3016 873 3062 euru
889 3016 943 3062 res
959 2993 1151 3087 postulabit,

89 3104 178 3172 genua
193 3094 381 3170 uuiversum
398 3092 434 3169 iu
449 3093 577 3186 species
595 3100 714 3182 certas,
731 3093 873 3165 utnulla
885 3117 989 3189 neque
1001 3101 1152 3188 praetor-

88 3185 220 3267 rotatur
245 3219 351 3291 ueque
377 3192 550 3285 redundet,
576 3194 743 3290 partietur.
761 3217 801 3264 ae
826 3193 958 3268 diuidet.
1010 3195 1168 3286 Quando

90 3295 183 3400 obtem
203 3305 262 3373 aut
279 3295 442 3392 quomodo
463 3295 498 3365 id
518 3294 635 3386 faeiat,
657 3295 741 3367 uibil
761 3295 803 3369 ad
818 3296 887 3368 lroo
903 3305 1046 3393 tempus,
1068 3323 1152 3396 quo·-

90 3403 166 3466 blaru
183 3397 238 3491 (ut
256 3423 356 3495 supra
372 3394 458 3490 elixi)
480 3398 622 3472 iudicem
639 3423 863 3471 esseae-uon
880 3399 1048 3475 duetorem
1063 3402 1150 3474 vulo).
1275 3455 1288 3501 Ι,

89 3479 151 3562 Neo
161 3520 237 3574 vero
250 3501 433 3575 dialeotiois
450 3500 545 3580 ruodo
563 3501 608 3574 sit
622 3501 813 3592 umectus,
830 3501 889 3574 sed
905 3501 1025 3574 babeat
1041 3503 1146 3577 orauis
1158 3521 1217 3579 118
1279 3509 1282 3515 ’
1356 3585 1357 3588 ,

89 3587 301 3699 oldosopuioe
331 3609 426 3674 uotos
456 3618 496 3674 ao
525 3609 683 3676 tractatos
712 3603 817 3674 locos.
867 3601 963 3676 Nibil
992 3604 1079 3677 subu
1110 3605 1150 3679 do

90 3691 252 3795 religione,
275 3704 358 3777 uibil
379 3705 419 3776 de
439 3712 565 3796 morta,
581 3704 665 3776 nibil
682 3703 722 3775 de
742 3705 881 3800 pietate,
901 3705 985 3783 nibil
1000 3705 1043 3776 de
1061 3707 1150 3788 uari-5

91 3793 147 3866 ue
166 3789 306 3897 patriae,
329 3807 412 3881 nou
429 3806 469 3880 eo
487 3807 582 3878 oona
600 3807 701 3881 rous
719 3814 776 3878 aut
791 3807 903 3898 araus,
924 3806 1007 3880 uua
1025 3808 1065 3880 a
1081 3809 1151 3880 vu·-

91 3893 199 3976 tutibus
216 3916 274 3981 aut
289 3907 389 4000 vitiis,
407 3908 490 3986 uibil
507 3908 548 3980 de
565 3908 686 3998 officio,
704 3907 787 3980 uibil
805 3909 844 3980 de
862 3905 1092 4001 dolore-nibil
1107 3912 1149 3982 de
1206 3947 1210 3956 ·

56 4013 58 4019 ’
91 3996 257 4101 uoluptate,
288 4009 372 4082 nibil
398 4010 437 4080 de
461 4009 761 4106 perturbationibus
787 4011 889 4091 aubui
914 4019 947 4082 et
972 4013 1149 4104 erroribus

91 4115 162 4203 quoe
177 4131 273 4208 saepe
291 4111 416 4185 eadunt
429 4112 464 4184 iu
481 4135 614 4204 causas,
636 4111 695 4184 sed
713 4111 854 4186 ieiuuius
876 4122 1032 4208 agimtur,
1054 4115 1150 4206 nibil,

92 4212 364 4312 binata-sinque
380 4213 520 4304 seientia
531 4237 633 4309 quoru
649 4214 720 4284 dixi
735 4213 880 4308 grauiter
896 4217 1005 4312 aurple
1017 4217 1150 4312 eopiosa

92 4291 148 4372 diui
165 4319 197 4386 et
216 4315 376 4412 axquioari
395 4311 514 4412 potest.
