2684 4990
155 529 173 562 p.
201 459 283 538 utu
366 436 685 547 cuiusrunuuuuru
703 436 894 528 crcuuoms
914 433 1133 532 ouurouum.'

286 659 321 707 ut
336 649 496 706 medeatur.
515 647 576 706 uic.
596 645 632 706 de
651 645 728 706 Oret.
748 643 780 719 3,
801 649 854 719 53,
875 648 947 709 295.
961 651 1118 727 purgatio,
1138 653 1269 723 caecide-

203 737 254 793 tie.
289 733 367 804 „Pro
386 735 537 791 medeatur
555 731 689 810 Pnrgeld.
708 734 824 802 volebat
841 737 975 793 minetur.
1000 735 1077 794 Eius:
1097 729 1130 794 e'o
1150 737 1270 794 similiter

200 819 316 878 Moneo.
335 818 408 876 Ven.
429 821 457 875 1.
480 827 515 875 ιιι
527 819 686 896 supplicet,
709 829 744 878 ut
758 821 885 888 madeat,
909 829 944 878 ut
958 822 1119 880 medeatur.
1144 821 1226 895 [Ven.
1244 825 1269 880 1.

200 914 237 963 ut
251 906 357 963 Medea
375 905 536 964 medeatur.
557 902 635 960 Mon.
659 913 694 962 ut
712 906 876 974 medeatur,
900 913 934 962 ut
953 907 1091 980 taedeat]
1130 905 1200 966 Hinc
1217 908 1271 964 ior-

137 988 140 1010 ¹
194 999 277 1050 'tasse
301 987 401 1068 uliquis
424 985 603 1046 emendabit:
631 995 667 1046 ut
684 990 841 1066 supplicet,
869 997 904 1046 ut
923 985 1037 1058 laedet,
1065 997 1100 1048 ut
1119 993 1270 1050 medeatur.

201 1073 268 1133 Neu
287 1092 356 1172 ego..
388 1072 485 1130 Verba
511 1082 545 1130 ut
564 1060 716 1131 medeatur
737 1071 804 1130 ideo
827 1083 957 1152 suspectu
981 1075 1058 1134 secta
1081 1085 1146 1134 sunt
1168 1076 1271 1154 quibus·

201 1157 278 1230 dam,
311 1159 374 1238 quie
402 1156 524 1215 deesse
531 1155 681 1216 uidebatur
710 1157 828 1216 alterurn
856 1159 1042 1236 oppositionis
1070 1159 1221 1240 membrum
1246 1169 1273 1218 ut

201 1246 314 1314 laedet,
339 1241 414 1321 quod
436 1237 533 1322 utique
556 1243 632 1302 inest
652 1243 680 1300 in
703 1261 775 1321 voce
799 1241 890 1302 laesio
915 1241 950 1301 de
974 1243 1052 1302 Oret.
1071 1227 1105 1314 3,
1130 1245 1183 1316 53,
1207 1246 1272 1304 205.

201 1339 230 1387 et
257 1328 373 1402 Quintil.
397 1328 431 1399 9,
460 1329 493 1399 2,
521 1328 572 1384 2.“
608 1325 658 1384 On
695 1324 739 1386 De
765 1329 990 1452 purgetionev.
1012 1323 1046 1388 Ε.
1070 1327 1229 1389 ΡΙιιιιιιιί.
1250 1347 1272 1390 e.

201 1433 227 1473 c.
245 1417 276 1472 4.
276 1435 328 1492 p.
348 1413 399 1472 33.

191 1545 194 1554 Δ
285 1525 321 1574 ut
339 1534 358 1574 e
379 1515 531 1592 erepestte
555 1515 685 1584 declinet
710 1511 932 1602 elaqueatum.
926 1535 972 1574 ure
999 1515 1046 1575 ein
1072 1515 1273 1576 bedentendes.

198 1621 225 1661 v.
245 1598 337 1660 Hand.
356 1597 391 1658 ad
409 1599 560 1658 Turseliin.
579 1599 645 1658 vot.
664 1601 692 1658 1.
712 1619 740 1678 p.
755 1601 827 1660 256.
846 1598 907 1658 cie.
925 1581 963 1658 de
983 1597 1060 1659 Orat.
1079 1597 1113 1673 3,
1135 1599 1188 1673 53,
1208 1604 1272 1661 205.

200 1687 360 1746 3οοίίιιοιιο
387 1685 484 1744 breuis
510 1703 529 1742 ο
550 1687 722 1762 preposite,
750 1705 808 1743 neu
832 1695 867 1744 ut
884 1687 1021 1785 superzer
1043 1683 1080 1744 dl
1067 1687 1098 1746 le
1120 1687 1272 1764 depressio,

200 1770 237 1830 de
257 1779 311 1850 que
329 1771 435 1828 mentio
454 1770 563 1827 iniectu
578 1780 641 1830 erut
662 1767 774 1844 ibidem,
789 1769 815 1845 6.
835 1769 934 1828 293.’
925 1771 986 1830 ιοὶι.
1004 1775 1038 1828 'et
1053 1772 1090 1830 eb
1108 1774 1274 1851 redegres·

199 1857 258 1927 sio,
278 1867 308 1915 et
326 1855 404 1913 Orat.
422 1857 478 1925 49,
498 1855 569 1914 137.
590 1864 625 1912 ut
640 1856 771 1913 dectinet
785 1873 803 1912 e
816 1857 988 1932 preposito,
1007 1855 1054 1916 ubi
1070 1855 1129 1914 vid.
1147 1857 1215 1916 edu.

212 2005 230 2035 κ
280 1984 321 2033 ut
335 1981 425 2053 optet
450 1973 510 2032 Cio.
530 1971 566 2032 de
585 1971 663 2032 Oret.
682 1973 716 2042 3,
736 1973 789 2042 53,
808 1974 880 2032 205.
900 1977 1022 2052 οιιιαιία
1046 1986 1082 2033 ut
1101 1982 1274 2034 eeseeretur.

202 2059 263 2118 eie.
282 2058 404 2118 ibidem:
425 2061 602 2118 exsecratio.
621 2056 767 2133 αι]1οιΗ
742 2077 791 2127 ιιι,
812 2061 892 2135 apud
907 2079 979 2136 quos
996 2062 1087 2131 dccet,
1103 2058 1278 2158 jami'lmris.

201 2145 263 2204 Cic
283 2143 318 2202 de
338 2143 416 2202 Oret.
435 2144 468 2230 3,
471 2137 542 2213 53,
562 2145 634 2202 203.
653 2153 685 2200 et
699 2144 833 2220 rogatio
860 2153 948 2221 etque
965 2146 1033 2202 duic
1045 2145 1180 2220 finitima
1201 2146 1278 2224 quasi

196 2232 401 2310 percontatio,
430 2186 632 2307 edpostte'oque
653 2229 817 2287 seuteuttae
837 2247 923 2300 suae,
952 2228 998 2286 ubi
1022 2233 1214 2306 percontatio
1237 2239 1275 2288 est

193 2315 382 2394 ροιοῦιιΙίοΙιο
409 2311 627 2392 Austorschung
657 2333 700 2371 sc
726 2311 913 2383 audientium,
950 2333 1037 2392 quere
1073 2313 1152 2374 addit
1189 2316 1275 2393 quaesi.

200 2399 364 2478 Eademque
392 2410 437 2458 est
462 2399 544 2458 simul
571 2399 712 2477 expositio
740 2391 900 2458 sententiae
923 2399 1058 2467 oratoris,
1087 2401 1152 2477 quia
1174 2420 1214 2458 ex
1235 2419 1276 2461 ιι

201 2505 320 2564 sponso,
340 2483 416 2562 qnod
434 2484 598 2544 necessario
618 2483 754 2560 consequi
774 2481 868 2553 debet,
888 2501 941 2542 nec
961 2483 1073 2542 dubium
1091 2503 1156 2544 esse
1173 2493 1275 2562 potest,

201 2590 251 2630 sua
269 2580 370 2670 sponte
390 2567 456 2647 qnid
475 2566 510 2626 de
529 2587 561 2626 re
575 2567 761 2646 cogitandum
780 2568 829 2638 sit,
853 2579 987 2646 apparet,
1011 2570 1120 2628 etiamsi
1140 2589 1200 2627 non
1218 2587 1275 2647 per·

128 2707 134 2716 .
202 2655 307 2733 opionis
329 2653 425 2712 verbis
449 2652 485 2712 eb
509 2664 624 2711 oratore
649 2663 819 2748 exponetur,
847 2651 877 2710 id
903 2653 978 2731 quod
1003 2653 1170 2712 illustratur
1185 2654 1275 2714 verbis

200 2738 341 2798 Demetrii
355 2737 390 2797 de
405 2738 518 2797 ΕΙοιιιι.
533 2738 558 2837 6.
568 2739 640 2797 279.
655 2733 745 2809 δεινὸν
757 2736 789 2796 di
802 2732 895 2797 καὶ
867 2758 900 2798 ιο
909 2737 1080 2839 ἐρωτῶντα
1081 2761 1148 2810 reug
1164 2733 1275 2800 duedec-

133 2851 143 2860 ·
200 2837 252 2897 ιας
268 2821 328 2886 duee
345 2825 432 2904 λέγειν
449 2825 500 2884 καὶ
514 2818 552 2902 μὴ
571 2817 844 2925 ἀποφαινόμενονη
846 2817 950 2894 ,ἀλλ’
937 2845 953 2884 ο
971 2819 1021 2902 τὴν
1039 2813 1163 2904 Εὔβοιαν
1181 2830 1275 2894 destruc

200 2905 428 3014 σφετεριζόμενος
444 2911 493 2970 καί
509 2901 727 2980 κατασκευάζων
744 2911 919 3009 ἐπιτείχισμα
935 2911 989 2968 ἐπὶ
997 2929 1047 3010 ιην
1065 2904 1211 3007 Ἀττικὴν,
1231 2901 1275 2968 σι’·

160 3042 164 3050 .
199 3015 281 3076 τερον
301 2999 394 3057 ταῦτα
414 2996 505 3056 ποιῶν
525 2992 618 3093 ἠδίκει
639 2995 688 3054 uod
709 2987 820 3054 ἕλοι
792 3013 842 3071 την
863 2985 1016 3074 ιίρὴνην,’
1005 2987 1022 3074 η’
1047 2984 1108 3065 οὖςι
1111 2989 1275 3102 ίκαθάπερ

200 3078 255 3184 γὰρ
271 3086 309 3154 eiu
326 3077 457 3187 ducetur
465 3069 526 3160 dyst
543 3074 593 3140 edu
610 3071 753 3140 ἀκούοντα
770 3077 968 3176 ἐξελεγχομένῳ
990 3074 1105 3140 ἐοικότα
1127 3081 1176 3140 καὶ
1195 3079 1274 3158 μηδὲν

201 3162 457 3268 discooperientur*
439 3184 540 3247 ιχονιι·
563 3169 590 3226 et'
577 3166 639 3226 t'di
657 3157 747 3236 οὕτως
763 3159 965 3265 praedat-pm
947 3187 1020 3244 εφη
1018 3183 1071 3236 τις·
1094 3161 1209 3244 ,ἠδίκει
1233 3163 1275 3224 uui

200 3247 320 3314 dive
292 3275 341 3331 ιην
370 3245 510 3333 είρῆνηνβ
544 3249 644 3329 σαφῶς
674 3243 836 3312 διδάσκοντι
865 3243 946 3324 ἐῴκει
976 3251 1024 3317 καὶ
1056 3245 1109 3310 οὐκ
1135 3252 1274 3332 ἐλέγχοντι.

128 3405 133 3416 .
203 3337 366 3410 <Demosth.
398 3357 451 3416 pro
483 3355 582 3395 coron
615 3336 750 3416 pecu,
783 3336 833 3393 11.
866 3330 916 3405 R.)
956 3332 1031 3394 Sene
1063 3334 1092 3392 1ιί
1125 3333 1179 3403 duo
1214 3335 1274 3397 ioci

130 3491 133 3496 ¹
203 3419 353 3482 Ciceronis
377 3419 412 3479 do
436 3421 484 3484 Or.
509 3431 539 3480 et
560 3419 713 3491 Demetrii,
741 3420 840 3478 melius
867 3417 945 3478 inter'
965 3439 996 3478 se
1020 3421 1229 3490 consentirent,
1253 3417 1273 3474 si

202 3507 351 3608 legeretur
375 3509 462 3564 etiem
483 3509 547 3566 ιίιιο
570 3507 753 3584 ισγοιιίἰοιιι
774 3507 938 3563 sententiae
959 3523 1031 3564 setae
1047 3506 1120 3587 (eut
1145 3500 1183 3584 μὴ
1212 3501 1274 3563 due

168 3659 172 3676 ‚
202 3584 393 3670 φαινόμενον).
422 3589 501 3648 Hunc
514 3589 761 3668 percontationem
780 3608 862 3647 cavo
869 3587 1025 3648 confundus
1044 3607 1105 3648 cum
1125 3589 1199 3648 illa·
1191 3600 1274 3647 ruter-

201 3678 367 3756 rogetioue,
395 3673 431 3734 de
454 3693 509 3754 qua
531 3693 616 3753 snpra
642 3673 668 3750 6.
692 3673 763 3733 137.
787 3685 845 3734 est:
874 3684 910 3733 ut
933 3676 1147 3776 interroganda
1174 3679 1276 3752 urgeat

202 3781 243 3821 sc.
263 3760 466 3833 adversarium,
485 3770 515 3819 et
533 3779 595 3818 cum
613 3759 704 3824 altero
723 3755 843 3817 ibidem.
864 3767 897 3818 ut
912 3777 1014 3818 rursm
1032 3779 1115 3837 quest
1113 3761 1174 3818 ed
1190 3759 1274 3818 mter·

202 3857 312 3929 rogeta
329 3845 418 3906 sebe'
404 3866 465 3924 epse
482 3847 669 3923 respoudeat.
697 3841 784 3908 Ηιοι
803 3843 857 3910 uie
876 3843 950 3902 enim
969 3855 1068 3922 aperte
1087 3833 1228 3905 differunt.

131 4037 137 4048 ‚
287 3965 313 4042 6.
337 3966 409 4024 139.
438 3968 538 4043 Atque
571 3965 648 4024 alies
679 3966 766 4022 etiam
798 3955 917 4021 diceude'
942 3964 1028 4040 quusi
1050 3965 1181 4022 m'rtutes.
1218 3960 1272 4019 flue

201 4053 368 4112 referuntur
383 4049 472 4109 verbe
490 4049 705 4122 Quintilianiit,
724 4049 758 4118 1,
777 4048 827 4106 36.
862 4049 972 4106 Εσιίιοι
997 4054 1082 4126 (quae
1100 4048 1129 4106 in
1147 4046 1224 4105 libris
1241 4043 1272 4100 de

204 4135 339 4208 Oratore)
361 4144 432 4196 suut
451 4137 481 4193 ιἰι
503 4137 628 4192 Oretore
646 4134 790 4211 pluruma,
814 4151 873 4192 ιιοιι
892 4134 990 4190 amnia
1008 4142 1119 4203 tamea,
1142 4141 1170 4190 et
1187 4128 1272 4207 paule

172 4277 175 4282 .
203 4225 298 4300 magis
324 4222 480 4284 distincta:
513 4221 582 4298 quia
605 4229 678 4296 pest
700 4219 846 4276 erattauis
872 4227 904 4275 et
926 4219 1138 4276 sententiarum
1158 4215 1272 4293 piperno

204 4309 321 4366 artium
339 4306 482 4434 quendem
499 4304 626 4364 settene
640 4304 747 4372 locum,
767 4304 812 4362 ed
833 4303 927 4362 eleas
950 4304 1030 4373 (ut
1016 4321 1078 4379 epse
1096 4305 1154 4380 ert)
1176 4295 1274 4377 quasi
