2764 4978
199 464 270 527 ιν
612 443 834 524 ἰιιιιιοιι

198 645 323 710 ruutata
340 646 402 710 est.
440 637 476 715 N
476 661 529 710 aru
546 637 691 710 maom't
706 637 845 710 dicimus
862 644 897 709 et
913 635 1044 729 adegit
1059 644 1092 710 et
1109 636 1285 723 adstetit,

198 749 235 813 ut
259 743 326 812 iaru
351 741 497 831 nescias,
533 740 657 831 eddium
682 765 794 836 terum
820 740 863 812 sit
889 763 932 811 au
1035 739 1110 812 ude.
1164 738 1286 832 Quid?

198 843 230 914 si
251 846 350 914 etiam
371 842 532 937 abfugit
550 852 645 940 turpe
670 843 776 914 visum
802 850 866 934 ost,
893 849 926 916 ot
951 840 1067 938 abfer
1091 843 1286 934 uoluerunt,
1367 863 1368 868 ’

198 995 348 1018 .........
368 947 488 1040 aufer
505 943 712 1042 orralueruut?
730 967 814 1042 quae
831 945 1034 1044 praepositio
1048 953 1181 1041 praetor
1197 944 1287 1018 haee

198 1047 262 1118 duo
287 1048 389 1120 verba
414 1047 506 1120 uuilo
528 1047 600 1118 alio
626 1048 663 1122 iu
687 1047 787 1120 verim
817 1046 1012 1144 reperietur.
1063 1046 1161 1120 Noti
1187 1056 1289 1125 eraut
1367 1125 1368 1140 ,

198 1158 231 1221 et
260 1150 356 1228 riori
381 1159 420 1220 et
449 1149 555 1238 orori,
591 1150 708 1246 quihus
738 1172 814 1220 oum
842 1147 883 1219 ire
914 1149 1075 1246 praeponi
1104 1156 1286 1246 oporteret,

198 1251 327 1324 dulcius
350 1253 457 1324 ιιιιιιιι
479 1260 530 1323 est
549 1251 678 1344 ignoti
692 1250 831 1343 ignari
847 1249 985 1344 ignari
1002 1251 1113 1324 dicere
1129 1274 1230 1351 quatu
1250 1259 1301 1326 ut,
1367 1289 1368 1296 ι

196 1355 317 1426 veritas
347 1354 547 1452 postulabat.
599 1354 661 1424 Ee
694 1379 768 1428 aare
802 1353 915 1424 dicunt
949 1361 982 1426 et
1016 1378 1037 1426 e
1070 1351 1285 1450 republica,
1367 1401 1368 1450 3

196 1457 284 1553 quod
301 1457 336 1526 in
354 1452 458 1527 altero
476 1457 601 1526 vocalis
619 1454 819 1552 excipiebat,
837 1456 873 1526 iu
886 1455 990 1526 altero
1005 1465 1092 1527 esset
1105 1456 1285 1552 asperitas,
1367 1455 1368 1522 ξ

195 1559 261 1632 uisi
287 1560 415 1630 literam
439 1558 648 1630 sustulisses:
675 1568 726 1648 ut,
754 1557 898 1650 eregit,
926 1557 1058 1630 etate.
1111 1555 1284 1651 Refecit,
1367 1639 1368 1646 χ

189 1660 366 1750 rettulit,
385 1659 576 1732 reddidit:
599 1660 745 1732 adiuncti
762 1661 854 1732 verbi
870 1660 977 1758 prima
994 1659 1092 1732 litera
1108 1661 1287 1758 praeposi·
1367 1657 1368 1714 ἶ

194 1764 318 1838 'tionem
336 1760 559 1852 eommutavit,
578 1770 614 1834 ut
629 1760 793 1854 subegit,
810 1763 1028 1851 summor-it,
1045 1761 1213 1836 sustulit.
1300 1819 1304 1828 ,

52 1884 58 1909 ’
130 1885 190 1946 159
301 1863 485 1938 XLVIII.
537 1863 688 1956 Quid?
677 1890 714 1937 ιιι
733 1865 842 1936 aeriis
863 1864 983 1936 iuuetis
1005 1889 1104 1984 quatu
1124 1864 1247 1940 saite
1225 1891 1286 1936 m-

165 1967 394 2066 aiprerrtem
411 1993 477 2039 uou
494 1966 759 2064 riesepieatem,
783 1967 956 2064 eitrqmem
976 1991 1044 2038 uon
1060 1966 1283 2069 ireuoqemm,

196 2069 403 2168 tricipitem
420 2095 486 2140 uou
504 2070 733 2167 tricopetem,
752 2069 942 2142 eorroe'sum
954 2093 1021 2140 uon
1034 2069 1285 2142 concursum?

194 2171 254 2244 Ex
271 2197 335 2269 quo
353 2172 484 2268 quidam
493 2171 686 2270 pertisum
698 2173 796 2243 etiam
804 2172 942 2250 volunt:
961 2171 1047 2267 quod
1065 2164 1180 2248 eadem
1198 2179 1284 2244 cou-

195 2275 333 2347 suetudo
356 2300 423 2346 uon
444 2275 607 2372 probavit.
659 2273 750 2366 Quid
774 2299 850 2346 vero
877 2273 941 2345 hoe
966 2273 1167 2370 elegantius,
1194 2274 1282 2370 quod

153 2406 157 2414 ’
194 2403 262 2449 nou
288 2379 325 2449 fit
349 2385 468 2449 natura
493 2376 551 2448 sod
577 2377 717 2473 quodam
742 2374 916 2452 instituto?
942 2375 1118 2450 ritdoetres
1140 2377 1283 2448 dicimus

194 2480 287 2552 breti
304 2479 411 2598 prima
428 2480 541 2569 litera,
560 2477 718 2552 ιἰιιαιιιιι
735 2478 906 2576 producta,
924 2475 1158 2551 iithammeru
1175 2479 1282 2571 brevi,

195 2581 337 2675 inseite
358 2581 470 2678 longa.
521 2579 570 2653 Et
586 2607 628 2652 ue
646 2581 773 2672 multis,
798 2579 951 2678 quibus
937 2605 972 2652 ιιι
994 2581 1103 2652 vorbis
1126 2605 1186 2658 eae
1207 2583 1283 2678 pri-

194 2691 269 2754 mae
285 2684 402 2756 literae
420 2691 496 2756 suut
512 2708 595 2779 quae
612 2683 647 2754 iu
664 2683 835 2780 sopoeate
853 2692 950 2780 atque
962 2681 1049 2780 fel'
1030 2707 1103 2771 ece,
1121 2684 1282 2782 producte

196 2784 445 2878 dicitur[1a],
435 2811 471 2858 ιιι
492 2786 611 2858 ceteris
633 2787 782 2858 omuibus
805 2786 958 2858 breviter.
1009 2781 1159 2882 Itemque
1182 2813 1282 2870 ιοιιι-

187 2887 338 2987 pooai,t
357 2889 565 2977 certauerit,
584 2887 815 2985 concrepuit,
834 2885 1019 2982 conseret:
1037 2887 1174 2959 oousulo
1191 2889 1281 2960 veri-

195 2999 311 3082 tatem,
334 2990 565 3088 reprelroudotz
537 2991 681 3062 treier
702 2989 744 3061 ad
766 2989 873 3082 auris,
895 2988 1093 3088 probabunt.
1147 2989 1280 3082 Quaere

196 3091 281 3165 euri
320 3093 369 3164 ita
407 3119 444 3166 se
486 3094 595 3166 dioerd
628 3093 747 3164 iuvari.
799 3091 974 3190 Voluptati
1008 3099 1116 3164 autern
1151 3093 1280 3166 aurium

130 3209 191 3268 16⁰
200 3195 396 3292 morigerari
418 3196 514 3267 debet
536 3196 654 3269 oratio.
707 3195 797 3286 Quin
815 3217 875 3292 ego
893 3197 980 3292 ipse,
1003 3218 1076 3266 eoru
1094 3195 1214 3266 scirem
1232 3197 1280 3266 ita

113 3313 117 3326 ⁸
194 3297 337 3368 maiores
358 3298 486 3368 locutos
510 3323 600 3388 osse,
626 3307 663 3368 ut
687 3322 846 3392 nusquam
871 3298 938 3368 uisi
962 3298 997 3368 iu
1019 3297 1126 3369 vocali
1148 3297 1280 3393 aspira-

161 3436 164 3444 ·
195 3400 285 3471 tione
318 3406 507 3488 uterentur,
548 3400 709 3494 loquebar
743 3401 793 3470 sio
827 3408 863 3470 ut
890 3399 1070 3496 pulcros,
1109 3401 1277 3492 detegor,

196 3501 397 3598 trirerrepoo,
425 3501 675 3593 Cartaginem
697 3501 855 3573 diceretur
882 3502 1057 3597 aliquando
1083 3502 1181 3598 idque
1202 3527 1277 3574 sero

196 3604 345 3676 convicio
372 3605 500 3675 auriota
527 3627 602 3674 eum
628 3611 758 3676 extorta
787 3604 867 3674 troili
897 3605 1017 3677 veritas
1049 3613 1152 3696 esset,
1181 3625 1277 3676 osum

195 3705 349 3801 loquendi
362 3707 483 3803 popolo
498 3705 659 3796 concessi,
677 3703 849 3777 scientiam
863 3705 942 3776 ιιιιιιι
955 3708 1131 3778 reservavi.
1171 3703 1278 3778 Orei-

195 3807 273 3880 m’os
290 3817 400 3882 tarueu
417 3817 449 3880 et
467 3808 660 3895 Matones,
683 3805 833 3895 Otoreeo,
856 3808 1069 3926 Coepmaes,
1086 3807 1275 3904 sepulcre,

195 3935 372 3999 coronas,
399 3909 581 3982 lueremus
603 3901 758 4002 dicimus,
784 3911 862 4005 quia
886 3935 946 4006 per
966 3911 1094 3982 aurium
1119 3909 1275 3983 iudicium

197 4011 364 4108 [semper]
398 4013 489 4084 lieet.
548 4012 725 4086 Burrum
758 4037 888 4109 semper
920 4009 1073 4104 Eunias,
1111 4035 1274 4110 uunquam

197 4115 265 4209 Pr
261 4107 410 4186 rrlmm.
942 4169 944 4178 .

411 4209 460 4276 Vi
479 4212 714 4295 patefecerent
735 4209 865 4296 Bruges

196 4343 261 4392 uou
288 4317 467 4424 I'lrrpgeo
492 4319 597 4418 ipsius
622 4321 747 4420 aptiqui
773 4319 942 4394 declarant
963 4317 1065 4408 litum
1100 4317 1273 4434 aaronita
