2764 4978
315 988 972 1124 raonueomuun

109 1269 177 1379 m.
231 1161 1186 1417 uunuublonaoms
1291 1281 1296 1288 ·

388 1463 902 1572 omnmommm.

484 1631 608 1699 PARS
642 1633 802 1700 PRIOR.

160 1773 211 1822 ml
240 1771 436 1824 Attcronts
467 1776 620 1824 sununs
646 1776 884 1838 utrumnum,
918 1777 1126 1833 ulammaus

368 1875 602 1926 RHETORlClS
631 1877 681 1926 Er
707 1877 922 1926 patronus.

229 2010 267 2068 1.
291 2008 341 2066 Π.
357 2009 479 2068 'sumt
495 2009 688 2069 eleemon
706 2010 833 2071 616616
848 2011 1060 2072 utta-mm·
1157 2065 1163 2086 ,

121 2203 123 2210 ·
186 2143 404 2272 M0Tullins
427 2185 537 2252 Cieem
563 2189 593 2252 ol.
616 2193 649 2252 3.
671 2187 780 2254 Nonas
802 2187 960 2256 lanuarias
985 2193 1035 2278 (d.
1054 2198 1087 2259 3.
1106 2192 1190 2282 166.)

19 2331 20 2344 .
111 2295 184 2343 anno
206 2279 300 2348 Urbis
322 2287 387 2346 648
408 2301 498 2346 aerae
519 2279 670 2347 Varronis
697 2284 778 2369 (106
800 2293 870 2348 ante
889 2281 1001 2368 cua),
1029 2305 1088 2368 quo
1109 2303 1190 2348 anno

110 2357 222 2430 Marius
250 2367 282 2430 in
307 2365 450 2431 Numidia
476 2367 584 2430 bellum
611 2377 718 2431 eontra
743 2366 918 2453 Iugurtham
944 2367 1053 2453 gessit,
1086 2370 1191 2433 eodem
1245 2412 1246 2424 .

111 2447 198 2530 igilur
219 2473 317 2532 anno,
347 2447 405 2536 quai
428 2450 486 2517 Cn.
507 2449 666 2538 Pompeius
685 2452 750 2534 M„
778 2455 809 2517 in
830 2455 903 2519 villa
924 2453 1065 2538 Arpinati
1087 2464 1188 2533 natus,

112 2543 140 2594 et
156 2553 186 2600 a.
210 2537 252 2603 U.
276 2542 338 2600 663
361 2538 447 2622 (91),
476 2539 584 2601 aetatis
603 2543 669 2617 16‚-
689 2561 747 2622 quo
770 2560 849 2602 anno
866 2538 912 2604 M.
932 2537 1038 2604 Livius
1056 2538 1188 2617 Drusus,
1248 2540 1251 2550 '
1339 2541 1345 2562 ⁸

111 2619 245 2687 tribunus
269 2623 378 2708 plebis,
408 2644 497 2686 manu
516 2622 555 2706 Q.
575 2623 666 2689 Vedii
684 2645 702 2686 a
719 2627 786 2688 foro
803 2626 922 2689 rediens
940 2626 972 2688 in
990 2625 1067 2688 atrio
1086 2626 1190 2687 domus

113 2722 179 2768 suae
197 2707 325 2788 interiit,
345 2718 418 2792 toga
434 2709 515 2773 virili
532 2709 653 2772 indutus
671 2720 729 2772 est.
766 2708 880 2773 Eodem
899 2732 978 2773 anno
996 2731 1101 2794 poema
1109 2708 1190 2773 Pon·
1306 2777 1322 2792 ,

112 2787 180 2886 lipm
198 2791 348 2942 (allapsum
366 2794 547 2880 composuit,
571 2805 603 2858 et
618 2793 709 2858 Arati
725 2793 938 2882 Phaenomena
957 2795 1096 2860 versibus
1123 2793 1190 2858 lati-

112 2892 155 2938 ms
175 2898 208 2941 re
250 2877 359 2942 iit¹.

189 2959 221 3027 Is
246 2879 462 3049 quambrimum
482 2963 541 3030 sibi
562 2975 759 3050 proposuerat
779 2967 817 3030 ad
842 2987 907 3030 rem
932 2960 1078 3050 publicam
1104 2984 1190 3049 acoe-

112 3041 193 3127 dem,
222 3049 366 3113 continuo
382 3050 463 3114 mam
485 3061 517 3113 et
537 3051 685 3114 rationem
703 3051 860 3114 excolendi
877 3051 1008 3132 ingenii,
1036 3069 1112 3132 quae
1129 3067 1191 3112 una

113 3135 294 3220 praescripta
316 3145 397 3214 erat,
426 3135 537 3198 tenuit:
567 3136 641 3198 nihil
663 3135 743 3200 enim
765 3157 801 3198 eo
823 3146 956 3220 tempore
977 3133 1075 3198 virum
1097 3133 1192 3196 admi-

114 3213 283 3282 nistrandae
304 3219 484 3304 reipublicae
507 3219 643 3304 cupidum
661 3221 699 3284 ad
716 3221 846 3284 honores
865 3239 899 3284 ao
922 3219 1097 3304 dignitatem
1120 3239 1190 3284 eve-

114 3295 180 3364 here
197 3315 331 3388 poterat,
355 3305 415 3370 nisi
436 3305 606 3372 nutrimus
627 3305 733 3372 bellioa
755 3317 809 3370 aut
829 3305 1015 3389 eloquentiae
1036 3303 1095 3370 vis.
1140 3303 1190 3368 Aa
1220 3376 1223 3387 1

107 3379 185 3449 bauo
202 3389 298 3473 igitur
314 3391 470 3453 admodum
488 3390 741 3456 adolesoentulnm
759 3391 860 3476 parari
876 3391 1022 3456 videmus.

192 3474 288 3558 Atqui
305 3473 437 3558 primum'
448 3473 695 3540 Romae'Graeei
712 3487 828 3542 tantum
846 3475 984 3560 magistri
993 3485 1097 3559 artem
1120 3473 1190 3538 rbe-

114 3555 235 3622 toriaam
260 3557 486 3643 profitebantur.
542 3559 583 3624 Hi
610 3561 656 3626 M.
680 3559 805 3626 Valerio
826 3557 976 3642 Messala,
1009 3557 1047 3624 C.
1072 3557 1189 3623 Fannio

116 3633 260 3708 Strabone
278 3641 414 3730 Coss.²)
435 3645 696 3712 senatusconsulto
718 3643 800 3712 Urbe
822 3645 940 3731 expulsi
960 3656 1042 3710 sunt.

115 3781 321 3800 Q..—

182 3863 207 3930 ¹)
225 3869 277 3916 cle.
291 3870 322 3918 tle
334 3871 366 3916 N.
380 3871 411 3918 D.
425 3873 454 3930 2,
468 3873 516 3932 11,
531 3874 589 3919 101.
603 3867 748 3936 Διοσημεῖα
761 3872 949 3932 (prognostico)
962 3885 1062 3930 qnoque
1076 3871 1190 3922 eiusdem

117 3937 202 3988 poetae
216 3938 357 4004 convertit,
372 3938 402 3986 de
414 3939 499 3987 Diria.
509 3943 539 3999 1,
554 3944 579 4002 8,
593 3943 634 3988 13.
644 3943 672 4000 2,
688 3943 734 3994 23,
749 3943 790 3988 16.
799 3942 832 3988 ad
840 3941 917 3990 Attio.
927 3943 956 3999 2,
971 3944 1001 4000 1,
1014 3943 1055 3988 11.
1063 3941 1120 3988 Vol.
1130 3943 1153 4003 1.
1164 3955 1188 4000 p.

118 3999 170 4048 133.
183 4006 228 4064 1⁵,
247 4008 288 4052 16.
301 4009 324 4054 b.
337 4006 393 4054 Vol.
408 4010 431 4054 6.
445 4022 470 4067 p.
486 4011 544 4056 11⁰.
557 4009 617 4057 coll.
629 4011 731 4056 Murato
745 4012 775 4056 V.
788 4011 817 4057 la.
833 4011 861 4068 1,
875 4011 916 4056 26.
928 4009 985 4058 Vol.
998 4011 1022 4056 2.
1035 4021 1093 4069 opp.
1108 4024 1134 4068 p.
1149 4012 1190 4056 29.

118 4065 211 4120 Rabuk.
224 4078 250 4121 et
262 4074 290 4121 F.
299 4074 381 4121 Hand.
391 4088 411 4121 ι.
421 4089 443 4122 v.
452 4077 543 4126 (linere
557 4092 581 4138 p.
591 4079 650 4124 213.
674 4078 795 4126 Pontium
804 4078 941 4136 Glaucum,
956 4078 1113 4124 tetrametris
1122 4077 1189 4124 norl-

119 4137 196 4202 burm,
214 4147 340 4190 memoret
358 4143 487 4190 Plutarch.
504 4146 556 4192 Vit.
574 4146 627 4192 Cio.
643 4160 664 4192 e.
678 4149 702 4192 2.
716 4148 789 4194 cont.
802 4147 844 4192 Fr.
858 4146 904 4194 Tb.
919 4145 1189 4194 Welcter.n1n1u·eo

119 4199 191 4254 Rben.
199 4210 256 4258 Vol.
266 4215 289 4258 3.
298 4226 322 4271 p.
332 4212 388 4258 238.
399 4211 457 4258 adn.
469 4215 509 4260 66.
534 4215 573 4260 De
582 4214 687 4272 reliquis
697 4214 822 4275 poematis
831 4213 962 4262 Ciceroni·
972 4229 994 4262 v.
1003 4213 1084 4260 bland.
1093 4213 1110 4258 l.
1121 4227 1142 4258 c.

182 4277 208 4338 ²)
225 4293 248 4326 6
258 4280 289 4325 U.
300 4281 349 4326 eoa
363 4279 438 4340 (161)
451 4281 477 4329 S.
487 4282 514 4328 C·
523 4285 596 4330 extat
609 4283 677 4344 apud
685 4282 837 4332 Suetonium
847 4282 910 4330 elur.
922 4281 999 4330 rbett.
1014 4298 1035 4330 o.
1046 4284 1069 4328 1.
1082 4285 1108 4328 et
1122 4278 1190 4340 apud

120 4338 146 4386 Δ·
157 4343 265 4396 muium
273 4347 343 4397 ΝοΑι
361 4349 408 4411 1⁵7
418 4351 459 4398 11·
473 4383 476 4390 ¹
