2684 4990
385 527 389 562 ¹
476 535 497 586 6
507 535 528 586 Α
539 534 570 588 Ρ.
591 533 680 588 xxti.
697 531 740 588 id.
1087 537 1150 598 181

76 719 129 766 tum
150 710 198 766 sit
242 703 387 784 Apodcsis
410 715 455 766 est
477 717 581 768 orator
601 709 719 768 eamdent.
743 707 794 766 Οι.
814 706 924 787 Scripsi
942 709 1072 768 dicemus
1090 706 1152 768 cum
1213 714 1216 723 ’

74 791 137 850 Ειιι.
155 803 190 882 'et
212 789 359 852 Schutzio.
382 789 428 851 De
445 790 502 852 fide
521 792 656 854 librorum
675 793 844 870 scriptorum
863 791 992 852 Lambini
1010 792 1066 854 hoc
1085 794 1153 852 mihi

74 865 259 957 suspitionem
277 887 385 950 movet,
413 859 489 957 qdod
507 887 657 958 tantopere
675 899 691 938 a
710 879 816 936 ceteris
834 877 954 950 abeunt,
982 897 1063 958 quum
1083 899 1152 936 con·
1169 927 1171 936 .

74 973 140 1035 stet,
166 963 257 1022 libros
281 961 412 1024 Oratoris
434 965 556 1043 scriptos
580 981 678 1024 omnes
701 981 738 1022 ex
755 984 811 1024 uuo
829 961 973 1024 Laudensi
990 965 1131 1023 fluxisse
1124 985 1152 1022 ιιι

74 1049 123 1108 hac
141 1047 254 1128 quidem
272 1058 354 1128 parte
372 1049 443 1108 eins.

154 1134 180 1210 ἕ.
205 1134 255 1192 74.
273 1131 489 1212 perfectionem
516 1132 619 1214 officii.
651 1133 712 1194 Hoc
737 1145 795 1206 est,
822 1144 930 1194 rectum
955 1134 1079 1194 officium
1103 1153 1153 1194 ex·
1215 1187 1217 1194 ,

72 1217 210 1297 piandum,
230 1218 277 1280 die
295 1239 331 1278 zu
349 1218 519 1292 eridiieude,
537 1218 711 1298 unbedingte
730 1219 841 1280 Pilieht.

135 1306 260 1364 'decere
287 1308 373 1382 quusi
397 1315 495 1384 aptum
522 1326 593 1366 ease.
624 1305 747 1384 Supple:
786 1303 893 1366 decere
920 1303 1048 1364 declarat
1075 1305 1154 1383 quasi

72 1400 163 1467 aptum
181 1409 261 1462 esse,
286 1401 318 1450 ut
334 1391 386 1450 sit:
411 1390 519 1452 decere
536 1389 675 1452 hodentat
691 1391 848 1450 schiaidich
866 1389 923 1452 und
941 1388 1063 1469 passend
1083 1408 1154 1468 seya

72 1477 116 1534 tar
133 1475 198 1534 Zeit
215 1474 273 1536 und
292 1474 353 1534 Ort.

72 1584 76 1592 “
154 1571 317 1661 contraque
334 1565 402 1621 item
421 1563 573 1622 dedecere.
603 1561 726 1662 Sprppie
747 1572 903 1661 contraque
922 1563 990 1620 item
1009 1558 1163 1634 dedecere,

72 1664 152 1726 ιιιιιιιιι
174 1647 203 1704 in
228 1647 311 1706 factis
334 1649 512 1726 saepissime,
539 1658 597 1707 tum
621 1649 648 1706 iu
672 1645 756 1706 dictis
773 1648 861 1734 tutet,
889 1647 917 1706 iu
936 1647 1011 1707 voitu
1031 1645 1154 1723 denique

72 1743 99 1792 et
116 1741 200 1810 gestu
218 1743 250 1791 et
267 1733 392 1794 incessu.

155 1819 235 1895 quod
258 1821 288 1876 si
302 1828 395 1895 poete
408 1815 505 1896 sugat.
537 1817 587 1877 His
609 1817 705 1878 verbis
727 1837 809 1878 nova·
822 1817 950 1896 protasis
969 1818 1081 1896 incipit,
1109 1816 1155 1874 eui

71 1901 205 1982 apodosis
223 1901 356 1962 redditur
370 1903 429 1962 his.
451 1901 704 1982 qur'dsner'endum
721 1934 763 1948 ·-
777 1914 920 1982 putemus.
939 1903 1087 1979 „Quodsi
1098 1921 1154 1960 non

71 1999 113 2049 est
132 1989 367 2065 argumentantis,
386 1987 439 2048 sed
455 2008 526 2068 pro:
548 1988 626 2070 quod
641 1991 787 2132 negotium
807 2007 847 2048 sc.
866 1987 1053 2048 dedecere
1031 2008 1055 2046 ιι
1069 1997 1156 2065 poeta

71 2075 97 2132 fu
120 2074 176 2131 't.“
192 2072 264 2131 Ειιιι.

99 2094 129 2152 gl
150 2158 278 2236 probem
300 2161 473 2220 orationem.
504 2158 564 2218 Vit.
582 2159 719 2237 protei,
722 2159 782 2230 ,Sic
805 2159 955 2238 praeclare
978 2158 1036 2217 Vit.
1057 2154 1155 2216 Ceteri

71 2263 184 2315 omnes,
211 2245 295 2302 etiam
318 2242 412 2315 Eius,
434 2243 571 2321 probam.
594 2243 656 2302 Hoc
676 2254 769 2302 autem
788 2254 918 2322 propter
925 2243 1101 2302 manifestam
1120 2240 1156 2299 ad

70 2349 194 2410 sequens
210 2326 378 2387 vocabulum
399 2331 594 2404 (aroannam)
615 2327 907 2388 accommodationem
926 2347 978 2407 pro
994 2325 1156 2404 corruptela
1220 2361 1226 2368 -

69 2413 227 2476 habendum
247 2424 292 2486 est
308 2414 416 2492 potius,
436 2433 516 2492 quam
535 2413 616 2486 illud,
637 2413 712 2494 quod
729 2412 885 2493 respondet
903 2411 1086 2492 sequentihus
1104 2413 1155 2468 ιἰιι-

65 2501 162 2580 probe
185 2501 311 2559 stultove
332 2501 485 2577 sepientis.
509 2498 629 2572 Omnino
652 2500 787 2560 latissime
805 2509 885 2578 patet
901 2496 976 2558 istud
994 2501 1165 2558 accommoe'

70 2586 216 2646 dationum
235 2604 339 2663 genus,
359 2585 413 2644 etsi
431 2605 449 2644 a
467 2585 575 2646 criticis
594 2586 735 2646 nonnuliis
753 2583 875 2644 noudum
894 2587 1020 2662 agnitam
1036 2604 1064 2642 v.
1084 2581 1155 2657 c.§.

70 2673 118 2732 72.
144 2691 199 2750 pro
223 2673 283 2730 olio
303 2672 384 2729 elnto
400 2671 490 2732 aerbo
508 2670 586 2730 Eius.
606 2669 693 2730 hahet
711 2672 771 2730 olio
790 2672 870 2730 elato
888 2671 1011 2730 verho.“
1030 2667 1080 2729 Oa.
1107 2667 1155 2726 ,in-

68 2776 154 2818 verse
178 2755 266 2830 dicas,
289 2775 307 2815 a
329 2767 499 2816 correctore
521 2755 814 2822 accommodationem
832 2757 936 2816 iactam
955 2773 1019 2814 esse
1037 2752 1072 2814 nd
1091 2772 1156 2811 ver-

70 2844 135 2902 hum
152 2843 306 2920 sepientis.
349 2902 352 2908 f

155 2929 194 2988 st
208 2928 342 3004 denique·
366 2926 422 2986 Pro
445 2929 569 3006 deur‘pue
585 2927 722 2988 Ernestio
741 2925 921 2986 scribendum
934 2925 1089 2986 videbatur
1107 2927 1156 2981 de-

70 3015 149 3084 inde,
169 3013 234 3092 quia
254 3023 390 3092 sequatur
405 3015 435 3072 sa'
450 3015 574 3090 deniqne
592 3007 721 3074 ha'stru'o.'
732 3011 792 3072 Sed
809 3023 951 3088 repugnat
969 3010 1085 3070 Schuta.
1097 3029 1156 3066 mo-

69 3118 155 3169 nens,
183 3117 241 3156 nou
264 3095 367 3158 deesse
390 3097 446 3156 aiia
469 3097 779 3176 exemptaparaicntae
803 3099 927 3174 denique
945 3095 1099 3174 repetitae,
1127 3104 1157 3152 ut

69 3182 165 3244 Acad.
183 3185 213 3254 2,
231 3187 283 3254 44,
303 3184 386 3253 136,
404 3183 497 3241 uhiv.
518 3181 659 3245 Goerenz
679 3204 706 3260 p.
726 3184 819 3242 2461».

151 3225 533 3348 paeror1·t.tettimanthos,
557 3267 709 3346 Cythnius,
728 3279 790 3327 arte
810 3266 973 3346 Sicyonius.
993 3265 1156 3339 Quintitn,

70 3356 127 3426 13,
146 3355 197 3412 13.
221 3355 402 3425 Tthtouthea,
426 3355 545 3431 opuhor,
567 3355 716 3446 Cytherea
742 3353 894 3432 Sicyonius
911 3350 990 3412 audit
1007 3349 1080 3430 apud
1100 3348 1157 3408 En-

69 3439 204 3500 stathinm
222 3436 259 3498 ad
276 3437 309 3498 ll.
327 3441 383 3510 24,
402 3440 473 3499 163.
492 3459 520 3516 ι.
540 3440 621 3500 1343
641 3459 682 3518 ιιι.
686 3424 747 3498 ed.
764 3438 862 3508 Runa,
880 3438 929 3498 uhi
947 3438 1019 3498 maie
1039 3455 1158 3514 expres-

70 3545 150 3584 sum
156 3535 202 3584 est
219 3519 397 3602 Σιμὰιθης,
412 3535 444 3584 ut
461 3525 516 3586 iam
534 3524 723 3586 adnotaverat
740 3524 908 3604 Lecpardns
926 3519 1086 3582 Emendate
1106 3525 1156 3592 20,

69 3611 155 3671 19.’
146 3630 183 3668 ιιι,
200 3607 315 3668 Gruteri
338 3610 404 3670 Fae.
429 3613 493 3670 crit.
516 3611 582 3670 Vol.
602 3612 631 3670 3.
650 3632 677 3690 p.
695 3613 756 3670 401
778 3631 820 3690 ιιι.
839 3610 923 3670 Cani.
942 3609 1063 3668 lunius'
1056 3628 1083 3664 ιιι
1103 3607 1158 3666 Ca-

68 3697 171 3772 talogn
198 3695 351 3773 pictorum,
379 3715 460 3774 quem
488 3696 557 3756 Ern.
579 3695 667 3756 indic.
689 3697 754 3756 hist.
778 3717 800 3755 s.
824 3717 850 3755 v.
868 3694 1032 3752 Timanthes
1050 3695 1157 3762 citavit.

70 3779 213 3860 Cythnum
240 3781 358 3840 insulam
385 3783 471 3840 maris
497 3781 700 3860 Aegaei'essc
727 3800 819 3861 prope
844 3780 992 3856 Seriphum
1013 3789 1042 3838 et
1059 3779 1157 3852 Ceam,
1194 3797 1196 3802 ’

70 3876 101 3924 et
119 3884 195 3924 nunc
213 3865 373 3924 Thermiam
393 3876 465 3943 (nnn
483 3867 660 3934 Themiram)
681 3867 816 3944 appellari
836 3865 872 3924 ad
890 3865 1006 3936 Quintil.
1026 3865 1043 3924 1.
1064 3885 1088 3924 ι.
1108 3866 1158 3925 ad·
1216 3913 1217 3916 ¹

70 3951 183 4010 notavit
201 3948 349 4028 Spalding.
369 3969 407 4010 ex
423 3951 576 4012 Vilioisou.
595 3951 731 4028 Proiegg.
750 3949 786 4009 ad
805 3950 919 4009 Homer.
937 3972 965 4028 p.
986 3950 1158 4010 54.Tirnan·

71 4036 136 4095 thes
155 4036 253 4097 floruit
270 4037 340 4096 circ.
360 4035 404 4094 ΟΙ.
423 4036 464 4096 95
485 4038 582 4109 (460).
600 4033 657 4095 rid.
676 4035 709 4095 0.
728 4035 859 4095 Mnoiier.
879 4035 1032 4096 Archaeoi.
1049 4035 1074 4112 ξ.
1086 4039 1156 4096 137.

72 4119 138 4180 adu.
164 4124 195 4180 4.
218 4120 263 4180 De
286 4121 340 4180 hac
364 4121 425 4180 eius
446 4121 558 4199 pictura
580 4141 606 4180 v.
629 4120 734 4180 ibidem
757 4122 783 4198 §.
807 4123 879 4182 136.
903 4124 931 4181 3.
951 4131 981 4180 et
997 4119 1062 4180 adn.
1081 4124 1111 4180 3.
1130 4143 1157 4200 p.

72 4207 137 4265 134
154 4226 197 4285 sq.
217 4204 263 4264 ed.
283 4227 342 4266 see.
362 4206 433 4265 Piin.
453 4205 488 4266 H.
507 4205 544 4266 N.
564 4206 614 4276 ³5,
633 4207 683 4278 36,
702 4209 732 4266 6.
751 4229 779 4286 p.
798 4210 848 4268 19.
866 4207 993 4266 Tanehn.
1015 4207 1163 4268 dtiunutdi
1187 4195 1194 4205 ¹

72 4293 123 4348 uel
134 4293 294 4371 plurimum
312 4290 405 4371 assuit
420 4294 544 4370 augendi.
570 4294 643 4353 Eius
661 4296 736 4354 euim
755 4303 802 4354 est
813 4294 984 4370 Iphrgeur'o,
1008 4303 1158 4350 oratorum

75 4377 211 4436 leudibus
238 4377 403 4448 celebrato,
431 4397 488 4455 que
513 4389 611 4440 stante
639 4381 679 4438 nd
704 4398 773 4438 urae
792 4381 929 4458 periture
951 4395 1013 4436 cum
1035 4388 1159 4437 moestos
