2678 4974
464 461 466 468 ·
498 433 591 513 oar.
615 459 661 513 vr.
684 441 753 512 aa*
861 416 865 422 ¹
1110 463 1158 524 aa

81 636 134 693 sive
159 633 343 692 subtilitatem
371 634 432 693 sive
459 635 625 694 tenuitatem
653 631 749 705 dieas,
783 633 936 694 airn'tndilis
953 633 1016 694 'itta
1042 635 1155 713 quidem

80 722 187 778 videtur
213 721 422 791 enristimante',
446 721 501 778 sed
528 721 608 778 nibil
634 729 681 778 est
709 719 878 797 experienti
905 722 1014 790 menes,
1051 731 1082 778 ut
1112 732 1157 780 est

79 807 146 864 inira
168 824 195 864 e.
216 807 272 878 23,
292 805 345 864 76.

155 890 388 968 rinpolr'ti.'artis
406 890 504 969 speeie
523 899 672 973 onrentes,
697 909 754 948 non
774 890 836 968 ipsa
854 899 929 948 orte.
976 889 1049 950 Sunt
1067 892 1154 964 enim,

6 1049 7 1056 ἵ
78 986 105 1032 ut
120 973 213 1048 addit,
235 977 370 1034 eoresnlto
389 977 504 1034 rudium
521 977 631 1034 similes
648 984 679 1033 et
696 977 907 1052 imperitorum.

6 1059 8 1072 '
154 1063 187 1119 id
209 1071 255 1119 est
273 1058 385 1138 saeeti.
431 1059 512 1136 llaec
534 1060 623 1120 verba
649 1061 742 1138 prima
764 1061 840 1119 lucie
867 1079 922 1118 non
945 1059 1096 1123 videantur
1118 1061 1155 1122 ab

6 1215 7 1220 η
77 1157 187 1204 anctore
212 1145 346 1204 Oratoris
373 1146 506 1223 prolecta
529 1165 610 1217 esse,
639 1144 768 1224 id·quod
790 1147 893 1224 partim
915 1143 1037 1204 adiectis
1059 1147 1155 1212 verbis

78 1233 105 1288 id
124 1241 169 1290 est
188 1229 277 1310 prodi
300 1229 417 1302 eredas,
443 1251 497 1308 qua
519 1231 641 1290 lor-mula
663 1232 829 1310 plerumque
853 1231 1025 1308 glossemata
1047 1233 1155 1309 signari

77 1313 221 1376 Ruhnken.
242 1315 281 1375 ad
298 1315 405 1375 Vellei.
427 1315 542 1384 Patere.
563 1319 594 1387 2,
615 1317 668 1375 23.
690 1315 900 1376 animadvertit.
945 1315 1038 1394 Magis
1060 1328 1154 1376 autem

76 1403 182 1480 reipsa
200 1413 286 1481 putes
304 1402 429 1479 aperiri,
450 1401 522 1468 haee
540 1401 630 1460 verba
641 1403 765 1460 »insititio
784 1421 865 1473 esse,
886 1403 950 1480 quia
967 1421 1041 1460 voee
1054 1399 1158 1479 saneti

78 1486 113 1544 illi
138 1489 365 1558 eoneinniores,
395 1507 465 1564 quos
493 1487 578 1558 dicit,
608 1488 748 1566 explicari
774 1507 831 1548 non
856 1489 988 1566 possint.
1019 1487 1154 1546 llaeetnm

77 1571 181 1648 quidem
204 1571 309 1652 aliquis
330 1571 425 1644 dieat,
451 1574 511 1632 sive
524 1571 573 1631 ,ad
596 1573 670 1631 sales
692 1573 853 1644 referatur,
878 1573 1046 1649 signilieare
1061 1574 1155 1632 ioeum

77 1659 260 1730 scurrilitate,
283 1657 498 1728 obscoenitate,
519 1657 691 1738 petulantia,
712 1658 915 1734 inhumanitate
934 1658 1064 1731 liberum,
1087 1657 1154 1733 (den

31 1809 35 1818 ,
78 1742 253 1818 gebildeten,
280 1743 361 1801 nieht
376 1741 599 1820 beleidigenden
619 1742 758 1817 Schera),
783 1745 843 1802 sive
866 1742 902 1802 ad
925 1745 1029 1802 enltum
1048 1747 1155 1803 oratio·

77 1829 129 1898 ris,
152 1831 299 1888 minimum
322 1827 429 1887 distare
452 1829 575 1901 abillo,
600 1827 676 1908 quod
698 1829 782 1908 paulo
801 1839 867 1888 ante
890 1829 1067 1908 perfeetum,
1091 1831 1155 1888 aliis

78 1912 142 1972 loeis
160 1915 339 1993 elaboratum
358 1913 439 1972 dieit.
478 1913 540 1972 Huc
558 1916 705 1994 pertinent
722 1913 810 1973 verba
825 1914 989 1987 Quintiliani
1003 1917 1035 1987 6,
1051 1917 1082 1986 3,
1100 1918 1151 1975 19.
1227 1913 1270 1962 ’ν
1332 1943 1333 1970 ι

78 1999 208 2058 Facetum
232 2019 347 2078 qaoque
368 2019 429 2058 non
453 2009 564 2060 tonnam
587 2003 669 2060 orreo
691 2001 820 2058 ridiculo
847 2003 954 2077 opinor
979 2004 1152 2061 constitere.
1188 2047 1192 2056 .

78 2084 172 2162 Neque
194 2089 273 2144 enim
296 2087 413 2144 diceret
430 2087 587 2156 Horatrits,
608 2083 745 2163 sonetum
767 2088 907 2152 eumeinz's
929 2105 1025 2163 genno
1046 2097 1155 2158 namo
1233 2085 1237 2096 '
1263 2113 1269 2134 ·

78 2187 236 2230 eoncessum
270 2191 332 2228 esse
365 2173 507 2248 Virgilio.
552 2174 679 2230 Denaris
713 2173 790 2229 dane
824 2173 919 2248 magis
954 2181 986 2230 et
1017 2173 1155 2230 emeullne

79 2257 219 2314 cuiusdam
243 2257 414 2333 elegantiae
438 2257 667 2334 appellationem
688 2265 775 2334 poto.
820 2257 948 2332 Ideoque
970 2258 1001 2314 in
1024 2257 1156 2333 ertrbtola's

6 2341 8 2416 J
81 2339 174 2398 Cicero
194 2343 271 2400 duee
287 2344 378 2408 erata·
392 2339 491 2418 refert
506 2342 612 2412 verbo,
636 2343 705 2400 Noe
722 2342 771 2400 itu·
788 2351 859 2424 sunt
874 2342 967 2418 pedes
978 2338 1094 2417 seeeti,
1119 2361 1156 2400 ae

6 2429 7 2476 4
79 2424 185 2484 delieiris
202 2427 389 2504 ingredienti
403 2426 516 2485 molles.
566 2429 652 2503 (leod
667 2429 807 2486 conuenit
822 2445 884 2484 eum
904 2427 955 2484 illo
969 2428 1152 2496 'Horatianm

6 2549 7 2552 η
78 2511 157 2568 molle
175 2523 265 2590 utque
275 2509 411 2589 foeetem
431 2514 573 2590 Virgilio.
604 2510 742 2591 'Denique
761 2509 910 2570 elaborata
927 2512 967 2570 ita
985 2510 1155 2580 foeetadiei

78 2593 218 2669 ridentur,
244 2598 269 2656 si
292 2596 329 2658 ad
350 2597 471 2656 studium
496 2609 526 2656 et
547 2597 674 2656 laborem
696 2617 744 2656 ars
767 2607 798 2656 et
821 2598 967 2676 elegantia
982 2598 1152 2668 aceesserit,

78 2697 133 2737 non
146 2683 207 2742 sine
226 2681 347 2760 quadam
365 2683 505 2742 facilitate
524 2703 578 2763 per
595 2703 673 2742 uum
692 2694 804 2762 parata,
825 2701 881 2761 qua
894 2681 1015 2742 stddinm
1030 2693 1060 2741 et
1073 2681 1155 2743 labor

77 2762 154 2825 limae
182 2768 342 2845 obtegitur.
388 2767 503 2828 Dixeris
535 2770 624 2846 igitur
642 2779 716 2828 =nett
741 2767 800 2827 und
824 2768 959 2839 zierlielr,
996 2787 1094 2827 verum
1126 2766 1156 2826 id

77 2859 235 2932 utrumqne,
261 2863 292 2912 et
313 2854 388 2912 sales
411 2852 452 2912 illi
475 2865 505 2914 et
527 2853 702 2913 elaboratam
725 2853 810 2925 illud,
834 2852 910 2912 aliud
928 2873 992 2912 esse
1009 2851 1152 2924 videatur,

6 2973 7 2984 ι
77 2953 150 3010 quam
169 2937 249 3018 quod
267 2941 436 2998 concinnum
456 2937 572 2998 dieitur.
617 2938 787 3022 Atquqboo
805 2937 1042 2998 additamentum:
1063 2939 1096 2998 id
1111 2948 1158 2996 est

70 3016 244 3093 fnanibus
267 3035 389 3084 tractum
413 3023 573 3084 credideris
596 3043 633 3083 ex
655 3045 683 3083 o.
702 3023 756 3096 26,
777 3025 844 3095 87.,
872 3023 922 3082 ubi
944 3024 1054 3081 oratori
1076 3023 1155 3082 tenui

6 3171 7 3174 Ἴ
77 3105 145 3166 sales
163 3121 193 3168 et
211 3110 337 3170 laeetiae
356 3109 532 3168 tribuuntur:
577 3111 654 3168 Hele
669 3111 779 3187 generi
795 3111 963 3181 orationis,
981 3109 1071 3182 (tenui
1088 3127 1155 3167 era·
1230 3149 1233 3155 ι

31 3266 35 3275 Ι
77 3193 143 3264 tori,
173 3215 258 3274 quern
279 3197 372 3254 solum
396 3197 512 3273 quidum
535 3204 645 3254 uoeont
662 3196 796 3254 Attieum
819 3212 847 3252 e.
868 3195 920 3265 23,
941 3194 1007 3268 75.)
1034 3196 1155 3272 adaper-
1214 3251 1219 3256 .

76 3288 179 3350 genter
196 3283 287 3340 etiem
304 3283 383 3341 soles
401 3289 460 3340 e'te.
505 3281 560 3341 Vel
584 3290 690 3340 totum:
716 3281 748 3338 id
765 3289 811 3338 eat
821 3277 924 3357 soeeti
944 3281 1076 3338 siminus
1094 3280 1155 3358 pla·
1176 3278 1180 3284 ’

78 3361 148 3421 eebit
166 3367 251 3438 elici,
277 3377 358 3433 certe
381 3364 529 3426 formulam
551 3367 584 3424 in
605 3375 651 3424 est
671 3383 761 3444 neges
778 3365 836 3424 ullo
859 3364 944 3425 rnodo
963 3367 1034 3424 ferri
1056 3384 1154 3445 posse,

78 3448 140 3522 quia
152 3449 258 3527 saeeti
277 3462 308 3511 et
330 3454 536 3512 eonetnnr'ores
559 3462 591 3510 ut
611 3451 695 3510 iidem
719 3451 791 3524 sint,
816 3451 901 3510 nullis
921 3451 1059 3512 maehinis
1078 3451 1157 3509 effici

78 3535 177 3606 pessit,
202 3537 260 3594 imo
278 3535 414 3614 soeetrnn
437 3549 466 3598 et
489 3540 661 3597 eonetnnam
683 3547 786 3616 aperte
810 3536 1000 3614 distinguatur
1020 3535 1153 3595 in1Brut.

78 3616 125 3688 95,
144 3621 219 3682 325.
266 3621 327 3680 llue
351 3623 480 3695 aceedit,
506 3622 582 3702 qued
604 3623 686 3682 Eius.
707 3623 835 3702 optimus
850 3625 923 3682 fert:
948 3623 1100 3692 bonosiani,
1126 3622 1159 3679 id

77 3712 132 3774 est,
143 3707 293 3784 florentes
311 3717 343 3765 et
358 3711 463 3768 leviter
480 3711 597 3781 ornon',
617 3710 647 3768 in
666 3729 721 3789 qno
740 3708 813 3767 libro
833 3708 955 3767 Orellius
973 3729 1002 3786 p.
1023 3709 1062 3768 55
1083 3705 1153 3766 edit.

79 3789 299 3858 mai-voeabula
320 3804 510 3854 controverso
534 3795 626 3852 omitti
647 3796 743 3854 solere
762 3792 976 3864 animadvertit,
1002 3791 1077 3852 uude
1096 3791 1157 3850 eel-

79 3867 161 3948 llgas,
185 3865 332 3956 praesenti
354 3879 420 3938 loeo
443 3877 518 3938 aliud
536 3880 652 3939 verbnm
671 3877 964 3959 loeovoeissneetr',
989 3877 1075 3957 idque
1097 3877 1156 3936 tale

77 3965 108 4022 lli
123 3979 177 4020 non
196 3964 282 4040 facile
302 3965 360 4040 legi
377 3976 486 4043 posset,
507 3967 536 4023 in
555 3964 658 4024 codiee
677 3963 821 4024 Laudensi
838 3975 982 4043 repertum
1002 3963 1102 4022 luisse.
1115 3997 1154 4010 --

81 4035 154 4102 llane
179 4050 456 4126 argumentationem
481 4051 568 4109 facile
595 4061 640 4110 est
664 4051 711 4110 rel
742 4052 840 4130 paneis
866 4049 989 4108 diluere.
1036 4049 1153 4117 Fateor,

82 4124 194 4191 formata
217 4135 250 4192 id
272 4144 318 4192 est
336 4155 394 4194 non
412 4154 478 4194 raro
498 4130 581 4213 prodi
600 4136 788 4212 glossemata,
812 4146 844 4194 ut
860 4135 960 4194 volunt
976 4136 1063 4192 etiam
1081 4133 1177 4209 inirav

84 4226 108 4267 θ·
123 4215 171 4288 19,
187 4219 240 4278 et.
256 4221 308 4291 20,
324 4221 377 4280 68.
399 4240 434 4279 ae
452 4219 517 4279 vide
536 4221 711 4300 interpretes
728 4221 765 4280 ad
782 4221 897 4300 Dialog.
912 4219 948 4279 de
968 4229 1054 4278 oratt.
1076 4220 1153 4288 6.,9.

82 4291 209 4375 Apertum
228 4305 388 4384 glossema,
404 4306 546 4387 incipiens
563 4325 617 4388 per
634 4309 671 4367 id.
683 4318 737 4379 eet,
758 4305 865 4368 delerit
882 4306 1022 4366 Valeken.
1042 4305 1070 4362 in
1089 4303 1175 4404 ⁰³⁰⁶.
