2764 4978
822 313 832 349 t

363 435 424 497 no
460 384 665 498 manaan
700 419 907 512 anonam.
1019 425 1028 436 ’
1136 435 1182 500 aa

24 641 27 654 ¹
107 617 317 689 aomanoretur
342 611 522 686 sententia:
547 635 648 710 saepe
673 611 774 684 etiam
799 619 836 684 ut
861 617 1018 686 extenuet
1040 609 1181 708 aliquld=

105 739 198 810 saepe
215 722 251 786 ut
267 713 420 788 irrideat:
437 715 475 786 ut
488 713 631 788 declinet
648 737 668 786 a
685 713 853 811 proposito
867 713 1084 810 deflectatque
1102 739 1182 788 sen-

104 818 248 888 tentiam:
275 825 313 888 ut
334 824 513 913 proponat,
536 810 614 913 quid
636 813 784 888 diem-us
807 815 865 888 sita
891 825 944 907 ut,
971 839 1046 888 enm
1068 823 1209 888 trans-·

103 920 201 1013 egerit
218 919 283 990 iam
294 919 443 1015 aliquid,
465 919 617 992 deliniat:
639 926 677 990 nt
698 917 826 1014 seipse
848 923 1070 1010 1·evooet,ut,
1093 919 1180 1014 quod

101 1018 228 1112 dixerit,
245 1022 359 1094 iteret:
377 1029 415 1092 nt
427 1030 655 1117 argumentum
668 1020 796 1092 ratione
810 1017 1002 1090 concludat:
1020 1027 1058 1090 ut
1073 1021 1180 1113 inteu-

100 1124 241 1218 rogando
262 1131 396 1220 urgeat:
422 1131 460 1195 nt
480 1143 594 1194 rursus
616 1121 712 1219 quasi
733 1121 1000 1217 adinterrogata
1022 1121 1086 1192 sibi
1107 1123 1179 1219 ipse

100 1223 308 1322 respondeat:
334 1233 373 1298 ut
394 1231 510 1298 contra
530 1249 571 1298 ao
593 1223 682 1296 dieat
704 1224 812 1321 accipi
833 1231 867 1298 et
887 1223 1004 1300 sentiri
1024 1224 1118 1294 velit:
1141 1232 1179 1296 ut

100 1325 279 1420 addubitet,
307 1329 386 1424 quid
406 1328 516 1425 potius
536 1335 596 1400 aut
617 1325 778 1424 quomodo
800 1325 904 1398 dicata
930 1333 968 1396 ut
994 1321 1117 1396 dividat
1141 1318 1183 1398 in‘

99 1430 211 1522 partis:
233 1438 272 1502 ut
293 1430 418 1526 aliquid
439 1429 606 1526 relinquet
626 1453 667 1502 ao
688 1429 850 1526 negligotz
873 1435 911 1506 ut
928 1435 1004 1500 aute
1021 1450 1177 1524 praemu-

98 1531 176 1604 niatx
206 1542 246 1603 ut
269 1533 307 1604 in
332 1557 370 1606 eo
396 1532 485 1628 ipso,
516 1532 552 1604 iu
582 1557 646 1628 quo
676 1529 951 1628 reprehendatur,
983 1529 1115 1626 eulpam
1139 1531 1176 1602 in

97 1633 315 1714 aduersanium
327 1634 492 1722 eouloratt
510 1642 547 1706 ut
563 1658 663 1731 saepe
681 1655 755 1706 oum
772 1633 826 1724 iis,
844 1632 901 1728 qui
918 1631 1066 1725 audiunt,
1084 1651 1241 1708 uon-138

98 1752 258 1832 nunquam
275 1737 374 1808 etiam
391 1761 466 1808 oum
484 1735 672 1812 adversanio
695 1736 791 1831 quasi
812 1734 986 1808 deliberata
1007 1743 1045 1808 ut
1066 1733 1175 1806 homi·-
1233 1818 1238 1837 Ι

97 1859 167 1908 num
197 1863 367 1910 sennones
398 1863 570 1935 noerosque
602 1836 782 1910 describate
813 1833 855 1910 'ut
887 1844 979 1908 nauta
1012 1836 1174 1934 quaedam

24 1985 26 2002 .
96 1935 259 2034 loquentia
275 1941 426 2027 iuducet:
449 1948 486 2012 ut
503 1941 545 2012 alu
563 1962 618 2032 eo,
637 1940 724 2037 quod
742 1938 867 2034 agitur,
887 1946 1013 2021 avertet
1029 1939 1171 2015 annuos:

24 2079 26 2122 4
67 2109 68 2112 ,
95 2047 127 2110 ut
142 2058 242 2140 saepe
259 2045 295 2114 in
312 2043 512 2122 hilaritatem
529 2043 696 2138 risumque
714 2049 898 2114 convertat:
920 2048 958 2112 ut
975 2047 1051 2112 ante
1069 2062 1173 2112 ooou-

24 2145 25 2202 ἒ
66 2135 69 2138 ’
97 2151 158 2234 pet,
184 2147 275 2241 qnod
299 2146 409 2218 videat
434 2145 572 2242 opponi:
603 2151 640 2218 ut
665 2151 834 2240 comparet
859 2143 1107 2230 similitudines:
1136 2149 1171 2248 ut

24 2287 25 2292 ,
95 2251 197 2318 utatur
209 2245 388 2344 exampliat
405 2255 444 2318 nt
460 2247 552 2320 aliud
569 2246 628 2318 alii
644 2247 792 2318 tribuens
811 2245 997 2342 dispertiat:
1015 2253 1052 2315 nt
1064 2245 1171 2318 iuter-

24 2383 25 2390 *
95 2346 280 2446 pellatorem
302 2355 470 2422 oodroeata
496 2356 534 2420 nt
554 2348 681 2444 aliquid
700 2349 840 2420 reticere
861 2371 897 2418 se
919 2347 1023 2418 dicata
1049 2354 1088 2418 ut
1106 2345 1170 2418 de-

24 2483 25 2536 3
96 2451 231 2544 nuntiet,
250 2452 331 2547 quid
348 2457 502 2522 caveante
524 2457 563 2522 ut
578 2451 715 2524 libemus
733 2451 812 2546 quid
829 2449 964 2522 audeat:
986 2455 1024 2520 ut
1040 2448 1170 2520 irasca-

24 2539 26 2572 '
96 2555 154 2622 tur:
176 2555 278 2626 etiam
298 2563 335 2626 ut
357 2554 509 2649 obiurget
528 2553 720 2649 aliquando:
743 2560 780 2624 nt
797 2553 1005 2648 deprecatura
1028 2557 1066 2620 ut
1087 2573 1168 2646 sup-
1279 2572 1283 2584 ·

95 2648 199 2744 plicet:
223 2664 262 2728 nt
283 2654 468 2728 noedeatuu:
491 2664 528 2728 nt
549 2675 570 2726 a
590 2656 758 2752 proposito
781 2655 926 2728 declinet
946 2653 1166 2748 aliquantum:
1206 2720 1207 2723 ,

94 2759 125 2824 ut
140 2766 244 2852 optet:
263 2765 301 2830 nt
318 2765 526 2832 exsecretnra
545 2765 582 2830 ut
598 2757 657 2830 fiat
673 2759 731 2850 iis,
749 2759 837 2854 apud
854 2779 936 2854 quos
951 2755 1049 2847 dioet,
1064 2754 1167 2829 dami-

94 2849 187 2931 lianis.
230 2860 343 2956 'Atque
361 2861 444 2932 alias
462 2861 560 2931 etiam
578 2857 708 2932 dicendi
725 2860 820 2955 quasi
836 2859 972 2930 virtutes
990 2864 1160 2952 sequetur:
1173 2866 1232 2932 139

94 2953 288 3054 brevitatem,
305 2963 405 3034 sires
422 2969 526 3058 petet:
544 2951 643 3058 saepe
658 2961 758 3034 etiam
770 2982 840 3036 rem
855 2952 996 3034 dicando.
1011 2957 1165 3032 subiiciet

94 3063 203 3157 aeolis,
232 3085 332 3161 saepe
358 3085 459 3161 supra
484 3064 569 3135 leret
594 3086 692 3159 quam
716 3061 799 3138 fieri,
814 3061 934 3157 possit:
965 3055 1163 3154 significatio
1233 3095 1236 3103 ‚

94 3180 180 3259 saepe
198 3167 265 3254 erit
279 3167 384 3240 maior
401 3187 499 3262 quam
515 3166 637 3236 oratioe
660 3167 759 3260 'saepe
776 3161 942 3253 dilanitas,
961 3185 1059 3256 saepe
1076 3161 1163 3234 vitae

95 3274 339 3365 annuarumque
363 3267 515 3338 imitatio.
566 3266 643 3338 Hoo
663 3266 699 3340 in
719 3285 841 3361 geuene
867 3263 962 3358 (nam
983 3263 1079 3359 quasi
1100 3263 1163 3340 sil·¹

94 3365 278 3458 tumaides)
302 3371 407 3444 omnis
430 3371 559 3442 eluceat
580 3375 710 3465 oportet
729 3367 936 3463 eloquentiae
958 3365 1160 3461 maguitudo.

179 3471 289 3544 XLI.
340 3471 409 3548 Sed
434 3469 517 3544 haee
537 3471 604 3544 nisi
623 3470 787 3548 oollooata
808 3475 842 3542 et
862 3469 957 3564 quasi
977 3474 1103 3540 structa
1124 3475 1228 3540 etlltt
1275 3539 1278 3546 ,

93 3583 169 3642 noxa
183 3575 292 3646 uerbis
310 3572 353 3646 ad
370 3597 443 3646 eain
458 3567 606 3664 laudem,
624 3595 722 3668 quam
739 3571 904 3664 uolumus,
925 3570 1074 3667 ospitare
1091 3589 1159 3644 nou

93 3685 230 3760 possunt.
282 3675 338 3748 De
355 3701 418 3771 qno
436 3700 512 3748 oum
528 3672 608 3746 mihi
625 3674 780 3771 deinceps
792 3673 935 3746 uiderem
953 3696 1025 3772 esse
1044 3671 1159 3744 diceu—
1253 3662 1258 3672 ’

95 3765 174 3866 dum,
199 3779 263 3852 etsi
287 3779 461 3850 movebant
483 3777 550 3848 iam
576 3801 627 3849 ono
654 3777 729 3867 ille,
761 3799 845 3870 quae
871 3797 972 3870 supra
998 3773 1157 3864 dixeram,
1278 3853 1280 3858 ¹

95 3873 274 3972 tumentis,
297 3885 595 3976 quaeseqnuntnr,
616 3878 836 3974 perturbabar
852 3875 969 3972 magis.
1023 3871 1158 3948 Ocean-
1343 3882 1349 3896 ’

94 3974 176 4050 relat
204 3982 306 4072 enin,
337 4003 435 4076 posse
464 3980 605 4075 reperiri
634 4003 701 4052 non
728 3979 855 4074 inuidos
886 3978 1008 4068 solum,
1038 3977 1156 4073 quibus
1262 4020 1272 4040 a

94 4075 202 4154 relenta
221 4091 299 4156 sunt
320 4083 445 4174 omnia,
472 4082 530 4155 aad
555 4081 701 4154 lautores
722 4082 820 4155 etiam
842 4103 988 4152 mearum
1008 4077 1155 4168 laudmn,

92 4177 142 4264 lli
161 4203 224 4256 non
245 4193 419 4258 temerant
439 4185 510 4260 eins
531 4184 594 4260 viri
614 4207 702 4274 esse,
729 4183 770 4255 de
794 4183 890 4257 euius
915 4181 1041 4254 meritis
1063 4187 1155 4250 tanta

96 4292 213 4358 semus
246 4287 369 4360 iudicio
385 4381 387 4386 Ι
402 4285 537 4360 lecisset
560 4284 810 4382 'comprobante
845 4283 968 4382 populo
1001 4281 1154 4355 Romano
