2764 4978
359 452 660 557 nolunncuu
696 458 903 524 esurum
1124 461 1172 524 m

96 632 169 704 artis
183 632 329 708 intimae.
365 636 491 727 Quaeri
501 636 591 710 eninr
604 645 724 734 potest,
739 639 799 734 qui
816 636 860 712 sit
877 637 1036 712 orationis
1053 662 1170 712 nurne-

29 751 30 758 ’
96 759 157 832 rus,
175 743 208 808 et
224 738 283 808 ubi
299 738 344 809 sit
359 739 487 834 positus
505 747 539 816 et
555 748 653 812 natus
666 765 709 812 ex
726 763 804 835 quo,
822 749 856 812 ct
872 741 901 814 is
918 765 1047 814 unusne
1065 741 1109 813 sit
1126 761 1170 814 an

94 838 152 910 duo
178 863 221 910 an
247 840 359 935 plures
385 860 514 937 quaque
539 841 668 914 ratione
695 850 925 938 componatur,
952 852 987 915 et
1007 843 1050 914 ad
1071 859 1171 938 quam

93 963 155 1011 rem
180 949 214 1012 et
241 942 371 1038 quando
397 951 431 1014 et
456 967 521 1038 quo
547 944 622 1014 loco
636 951 682 1016 'et
707 944 978 1039 quemadmodum
1004 934 1169 1018 adhibitus

93 1042 210 1137 aliquid
226 1045 404 1140 voluptatis
422 1046 550 1120 afferat,
603 1043 673 1118 Sed
693 1045 787 1118 utin
807 1047 974 1144 plerisque
994 1048 1094 1119 rebus
1116 1049 1237 1122 si018⁰

92 1143 207 1218 iuliae
234 1145 357 1244 duplex
383 1155 433 1220 est
459 1148 690 1220 considerandi
715 1149 785 1240 ria,
815 1170 954 1244 quarum
984 1149 1090 1220 altera
1119 1159 1170 1224 cst

92 1242 226 1341 sapim,
245 1249 377 1320 brevior
394 1249 515 1341 alters,
533 1251 764 1326 eademetiam
780 1249 924 1346 planior.
975 1237 1041 1322 Est
1059 1260 1168 1325 autem

92 1347 246 1444 longioris
254 1351 369 1446 prima
384 1351 444 1422 illa
462 1352 627 1447 quaestio,
650 1353 736 1428 sitne
754 1353 887 1425 omnino
904 1353 975 1424 ulla
991 1365 1168 1426 numerosa

92 1451 199 1524 oratius
255 1453 461 1544 Quibusdam
482 1455 569 1526 enim
590 1479 657 1527 non
674 1455 819 1546 videtur,
839 1455 924 1551 qtia
934 1456 1017 1527 nihil
1034 1456 1115 1527 insit
1131 1457 1167 1534 in

92 1575 126 1621 ea
145 1554 227 1626 certi
248 1563 287 1626 ut
309 1555 347 1628 in
367 1557 533 1649 uersibus,
561 1564 594 1628 ct
614 1557 701 1652 qnod
722 1558 803 1654 ipsi,
830 1558 887 1653 qui
909 1558 1167 1632 attiniacense

92 1676 139 1724 eos
167 1681 339 1747 nmneros,
370 1659 532 1730 rationem
562 1683 623 1730 cur
652 1661 735 1750 sint,
770 1685 839 1738 non
867 1669 997 1755 queant
1017 1661 1166 1732 renatae

92 1752 230 1850 Deinde,
254 1759 286 1832 si
301 1759 346 1833 sit
362 1785 518 1833 numerus
539 1761 573 1832 in
593 1763 756 1854 roratione,
780 1763 887 1858 qualis
905 1764 948 1834 sit
966 1772 1023 1836 aut
1040 1764 1165 1860 quales,

92 1865 119 1927 et
134 1884 151 1930 e
167 1857 352 1956 poeticisne
368 1863 513 1934 numeris
531 1887 575 1934 an
593 1879 634 1934 ex
656 1862 721 1934 atio
743 1889 864 1960 genere
887 1865 1024 1960 quodam
1031 1918 1042 1956 ,
1065 1875 1114 1958 ct,
1137 1865 1166 1937 si

91 1964 279 2056 cpcdticis,
306 1964 519 2060 quis‘eorum·
535 1966 579 2038 sit
600 1975 658 2037 aut
683 1967 750 2062 qnia
779 1999 781 2006 r
802 1966 954 2062 Namque
980 1969 1055 2039 eliis
1080 1985 1165 2055 unus

91 2065 192 2156 modo,
216 2068 298 2138 aliis
313 2068 442 2162 plures,
465 2067 540 2139 aliis
558 2089 670 2140 ornnes
686 2068 785 2139 iidem
802 2069 964 2141 ridentur»
1014 2069 1160 2162 Deinde,
1172 2079 1228 2141 181

92 2166 277 2266 quicumque
298 2177 375 2240 sunt
396 2170 464 2244 sire
484 2191 569 2242 unns
591 2169 659 2242 sire
685 2172 815 2267 plures,
841 2195 1073 2244 communesne
1093 2173 1166 2270 sint

93 2269 169 2339 orsini
189 2272 307 2367 generi
322 2272 504 2360 orationis,
526 2273 679 2368 quoniam
697 2272 788 2344 aliud
805 2297 909 2368 genus
927 2275 1164 2365 est-narrandi,

92 2368 170 2442 eliud
198 2374 437 2470 persuadendi,
469 2375 558 2449 aliud
589 2375 748 2448 docendis
783 2399 827 2448 an
857 2375 1004 2471 dispares
1037 2377 1183 2448 numeri·
1296 2461 1298 2464 ¹

92 2471 197 2568 ruique
220 2476 382 2548 orationis
407 2477 522 2572 generi
548 2478 846 2550 accommodantem
899 2475 942 2550 Si
960 2499 1178 2570 commences

92 2573 139 2665 qui
157 2577 243 2650 sinte
272 2582 308 2651 si·
323 2579 487 2675 dispares,
510 2579 587 2676 quid
604 2579 754 2672 ⁴intersit,
779 2589 812 2651 ct
832 2605 981 2652 cernon
1003 2605 1106 2676 aeque
1127 2581 1163 2674 ip

92 2677 226 2752 oratione
246 2687 345 2776 atque
362 2681 398 2752 in
414 2705 513 2752 uersa
528 2681 685 2754 nurncrns
699 2690 870 2779 appareat,
913 2682 1058 2774 Deinde,
1076 2684 1163 2780 quod

92 2773 199 2852 dicitur
219 2785 258 2854 in
280 2784 428 2856 oratioue
450 2807 675 2876 numerosum,
701 2783 737 2854 id
758 2793 867 2858 utrum
893 2809 1029 2858 numero
1044 2786 1162 2858 solum

91 2876 260 2977 efficiatur,
287 2909 331 2956 an
353 2886 454 2958 ctiam·
472 2887 525 2958 uel
547 2887 784 2983 cornpcsitione
806 2887 946 2982 quadarn
966 2889 1019 2990 rel
1040 2911 1162 2982 genere

90 2983 267 3078 tardorum:
286 3011 372 3060 enne
386 2989 430 3060 sit
442 3009 537 3059 suum
550 2990 724 3084 cuiusque,
742 2997 779 3059 ut
795 3013 949 3062 numerus
966 2989 1171 3082 intervallis,
1286 3043 1288 3052 ι

91 3091 273 3181 compositio
290 3091 438 3182 rombus,
455 3101 560 3184 genus
576 3091 684 3186 ipsum
700 3091 874 3162 uerborum
891 3091 986 3186 quasi
1002 3090 1162 3186 quaeda-m

90 3179 183 3260 forma
206 3201 244 3264 et
268 3193 380 3264 turnen
406 3192 570 3264 orationis.
588 3200 763 3288 appareat,
789 3193 894 3289 sitque
920 3192 1162 3266 oranium'fons
1183 3187 1197 3253 -'

92 3293 288 3386 compositio,
320 3311 363 3366 ex
388 3302 555 3390 eaque-et
583 3317 738 3366 uulneres
764 3295 928 3367 efficiatur
953 3303 987 3366 et
1012 3319 1161 3390 eaquae

92 3383 232 3468 deantur
250 3397 409 3468 orationis
427 3397 664 3518 quasissfomnae
681 3405 714 3468 et
730 3398 872 3488 lumina,
895 3406 986 3493 quae
1001 3395 1060 3490 (ut
1072 3394 1159 3487 dixi)

91 3483 204 3568 Graeci
228 3507 349 3570 vocant
374 3519 558 3596 upqpcan.
608 3499 658 3570 At
682 3508 826 3572 nonest
850 3524 953 3572 unum
973 3524 1036 3572 nec
1056 3500 1154 3592 idern,
1167 3507 1240 3576 182*

91 3594 261 3681 quoovocc
278 3601 457 3694 iucundum
474 3609 540 3694 cst,
562 3597 889 3697 quod'rnoderatione
907 3601 1107 3692 absolutum,
1125 3609 1160 3676 et

91 3695 399 3790 morinummontem
420 3721 541 3799 genere
563 3705 750 3795 uerborum,
763 3724 957 3800 ‘quanquam
975 3703 1012 3774 id
1030 3704 1159 3799 quidam
1210 3723 1214 3730 “

91 3789 251 3876 finitimam
277 3813 328 3876 est
354 3824 506 3898 nurnero,
533 3806 690 3901 quiapar
709 3831 747 3876 se
767 3807 958 3902 plerumque
978 3807 1159 3901 perfectum

92 3903 151 3970 cat:
172 3899 362 4004 compositio
380 3908 549 3978 autemst
568 3915 705 4003 utroque
723 3906 847 3998 differt,
862 3931 954 4004 quac
972 3915 1042 3981 tcta
1058 3909 1159 4003 seruit

92 4003 231 4082 pavisti
247 4033 363 4080 vocum
385 4016 443 4078 aut
463 4009 627 4080 suauitati,
677 4008 775 4082 Haec
794 4010 896 4104 igitur
916 4009 986 4082 scre
1008 4018 1100 4100 sunt,
1123 4011 1160 4082 in

93 4099 196 4186 opio„
213 4111 261 4182 rei
277 4121 396 4183 natum
414 4110 601 4205 quaerenda
619 4111 684 4183 sit·
735 4163 752 4180 .-
1207 4127 1208 4132 ’
1280 4201 1281 4206 ¹

180 4206 272 4284 Lva·
310 4211 399 4286 Esse
430 4235 509 4307 ergo
538 4213 574 4283 in
602 4213 750 4290 oratione
780 4238 952 4287 numerum
975 4213 1225 4308 quendamrsa

93 4311 150 4372 ³⁰1¹
165 4315 362 4402 cstdifficile
379 4337 593 4410 cognoscere.
636 4298 769 4386 iudicat
782 4306 873 4388 enim
890 4334 1023 4394 senense
1041 4318 1082 4388 in
1094 4338 1175 4412 qun.
1205 4339 1209 4370 τ
